1429 2220
436 97 538 129 AEN
540 96 678 128 EIDOS
702 95 789 127 LIB.
817 95 860 127 X.
1204 95 1246 125 25

2 218 3 242 1
51 208 100 233 an
131 207 214 233 sese
243 206 428 232 mucrone
458 192 507 231 ob
535 196 693 230 tantum
721 191 889 229 dedecus
918 203 1054 230 amens

51 257 191 296 induat
219 262 260 296 et
288 256 454 295 crudum
483 269 552 306 per
579 260 704 294 costas
735 255 867 306 exigat
897 268 1040 302 ensem,

1 315 3 373 ἦ
51 322 234 360 fluctibus
262 335 312 359 an
341 321 460 359 iaciat
489 319 628 358 mediis
658 324 698 357 et
725 319 843 358 litora
871 319 1003 357 nando

52 399 169 424 curva
195 390 306 436 petat
334 384 610 434 Teucrumque
639 384 784 422 iterum
813 397 853 421 se
881 383 1024 422 reddat
1052 383 1092 421 in
1122 396 1240 421 arma.

50 455 110 488 ter
139 454 302 488 conatus
332 454 542 498 utramque
572 448 687 494 viam,
718 453 779 486 ter
807 448 979 486 maxima
1009 448 1109 485 Iuno
1167 449 1241 484 685

50 514 247 555 continuit
275 514 537 563 iuvenemque
566 513 687 550 animi
716 513 902 550 miserata
930 512 1125 562 repressit.

49 578 195 616 labitur
224 578 302 616 alta
331 591 464 615 secans
493 577 693 627 fluctuque
722 582 910 627 aestuque
939 576 1109 615 secundo

50 648 90 681 et
116 643 239 693 patris
269 643 472 692 antiquam
500 642 632 680 Dauni
661 641 836 679 defertur
863 641 914 679 ad
942 641 1088 679 urbem.

101 706 158 744 At
186 706 292 745 Iovis
321 706 472 744 interea
500 705 662 743 monitis
690 705 913 743 Mezentius
942 704 1081 743 ardens

49 770 222 809 succedit
249 783 404 820 pugnae
433 770 681 820 Teucrosque
710 769 865 807 invadit
894 769 1059 807 ovantis.
1165 771 1240 807 690

49 839 286 873 concurrunt
315 833 543 884 Tyrrhenae
573 834 674 871 acies
703 838 822 883 atque
852 834 1033 871 omnibus
1062 834 1140 880 uni,

48 899 118 937 uni
145 898 322 948 odiisque
350 898 434 936 viro
463 898 630 948 telisque
663 898 938 948 frequentibus
969 898 1128 936 instant.

48 963 113 1001 ille
142 963 251 1001 velut
278 975 404 1013 rupes,
437 968 592 1000 vastum
622 975 722 1012 quae
751 962 885 1012 prodit
913 963 955 1000 in
983 976 1140 1013 aequor,

48 1027 165 1066 obvia
191 1031 401 1065 ventorum
428 1026 539 1064 furiis
568 1032 808 1077 expostaque
836 1032 970 1077 ponto,

48 1092 128 1130 vim
167 1096 347 1130 cunctam
387 1096 504 1141 atque
543 1092 668 1129 minas
707 1091 856 1142 perfert
895 1091 1067 1142 caelique
1107 1093 1239 1130 maris-

259 1169 347 1206 que,
1161 1154 1239 1195 695

47 1221 132 1271 ipsa
157 1221 322 1259 immota
349 1233 522 1267 manens,
554 1220 704 1270 prolem
732 1220 984 1259 Dolichaonis
1015 1221 1192 1260 Hebrum

47 1285 189 1324 sternit
207 1285 327 1332 humi,
350 1298 438 1323 cum
458 1298 535 1335 quo
555 1284 750 1335 Latagum
770 1285 1026 1335 Palmumque
1046 1286 1234 1336 fugacem,

48 1349 116 1387 sed
142 1349 336 1400 Latagum
365 1362 459 1387 saxo
487 1354 605 1399 atque
634 1349 787 1399 ingenti
817 1350 1008 1400 fragmine
1037 1351 1182 1388 montis

47 1418 209 1463 occupat
237 1426 279 1451 os
307 1413 523 1463 faciemque
551 1413 767 1459 adversam,
797 1414 946 1464 poplite
975 1414 1155 1453 Palmum

48 1477 192 1515 succiso
225 1477 332 1514 volvi
360 1490 518 1527 segnem
547 1477 651 1523 sinit,
683 1490 866 1527 armaque
894 1478 1023 1516 Lauso
1159 1481 1235 1518 700

46 1541 168 1579 donat
195 1541 339 1579 habere
367 1542 512 1579 umeris
541 1546 580 1579 et
608 1541 753 1579 vertice
781 1542 898 1595 figere
927 1543 1073 1581 cristas.

47 1612 117 1643 nec
144 1618 223 1643 non
251 1605 460 1643 Euanthen
488 1605 705 1656 Phrygium
735 1605 965 1656 Paridisque
993 1607 1189 1646 Mimanta

47 1669 247 1719 aequalem
275 1670 545 1720 comitemque,
575 1683 654 1708 una
681 1683 795 1720 quem
825 1676 938 1709 nocte
967 1671 1128 1710 Theano

47 1733 89 1771 in
116 1733 241 1771 lucem
269 1733 437 1784 genitori
467 1734 619 1783 Amyco
648 1733 758 1772 dedit
787 1740 826 1773 et
854 1735 936 1773 face
964 1748 1183 1787 praegnans

48 1796 192 1835 Cisseis
219 1797 354 1847 regina
382 1797 525 1836 Parin:
554 1797 666 1836 Paris
695 1800 790 1836 urbe
818 1804 983 1849 paterna
1157 1803 1177 1840 ’ἲ
1184 1802 1233 1838 05

48 1861 220 1907 occubat,
251 1860 431 1911 ignarum
460 1861 635 1899 Laurens
663 1861 783 1900 habet
811 1876 879 1901 ora
906 1863 1110 1902 Mimanta.

48 1937 92 1963 ac
119 1924 229 1962 velut
256 1925 322 1962 ille
350 1938 490 1963 canum
517 1938 650 1964 morsu
678 1925 726 1964 de
755 1927 956 1965 montibus
985 1927 1075 1966 altis

49 1993 158 2026 actus
190 2002 292 2038 aper,
319 1989 464 2027 multos
493 1989 661 2027 Vesulus
690 2003 807 2039 quem
836 1991 978 2041 pinifer
1005 2005 1128 2030 annos
