<?xml version="1.0" encoding="UTF-8"?>
<!DOCTYPE html PUBLIC "-//W3C//DTD XHTML 1.0 Transitional//EN"
    "http://www.w3.org/TR/xhtml1/DTD/xhtml1-transitional.dtd">
<html xmlns="http://www.w3.org/1999/xhtml" xml:lang="en" lang="en">
 <head>
  <title>
</title>
<meta http-equiv="Content-Type" content="text/html;charset=utf-8" />
  <meta name='ocr-system' content='tesseract 3.04.00' />
  <meta name='ocr-capabilities' content='ocr_page ocr_carea ocr_par ocr_line ocrx_word'/>
</head>
<body>
  <div class='ocr_page' id='page_1' title='image "aeneidosliberx00virguoft_0016.png"; bbox 0 0 1429 2220; ppageno 0'>
   <div class='ocr_carea' id='block_1_1' title="bbox 98 137 949 173">
    <p class='ocr_par' dir='ltr' id='par_1_1' title="bbox 98 137 949 173">
     <span class='ocr_line' id='line_1_1' title="bbox 98 137 949 173; baseline -0.005 0"><span class='ocrx_word' id='word_1_1' title='bbox 98 143 117 173; x_wconf 84' lang='lat'>6</span> <span class='ocrx_word' id='word_1_2' title='bbox 442 139 477 171; x_wconf 88' lang='grc' dir='ltr'>Ρ.</span> <span class='ocrx_word' id='word_1_3' title='bbox 507 139 656 170; x_wconf 61' lang='lat' dir='ltr'>VERGI</span> <span class='ocrx_word' id='word_1_4' title='bbox 663 138 706 170; x_wconf 92' lang='lat' dir='ltr'>LI</span> <span class='ocrx_word' id='word_1_5' title='bbox 731 137 949 170; x_wconf 76' lang='lat' dir='ltr'><strong>MARONIS</strong></span> 
     </span>
    </p>
   </div>
   <div class='ocr_carea' id='block_1_2' title="bbox 98 233 1306 2089">
    <p class='ocr_par' dir='ltr' id='par_1_2' title="bbox 98 233 1123 286">
     <span class='ocr_line' id='line_1_2' title="bbox 98 233 1123 286; baseline -0.005 -10"><span class='ocrx_word' id='word_1_6' title='bbox 98 236 322 275; x_wconf 83' lang='lat' dir='ltr'>Dardanius</span> <span class='ocrx_word' id='word_1_7' title='bbox 342 241 460 286; x_wconf 89' lang='lat' dir='ltr'>caput</span> <span class='ocrx_word' id='word_1_8' title='bbox 481 248 565 273; x_wconf 87' lang='lat' dir='ltr'>ecce</span> <span class='ocrx_word' id='word_1_9' title='bbox 585 248 682 285; x_wconf 87' lang='lat' dir='ltr'>puer</span> <span class='ocrx_word' id='word_1_10' title='bbox 703 234 880 272; x_wconf 90' lang='lat' dir='ltr'>detectus</span> <span class='ocrx_word' id='word_1_11' title='bbox 900 233 1123 279; x_wconf 85' lang='lat' dir='ltr'>honestum,</span> 
     </span>
    </p>

    <p class='ocr_par' dir='ltr' id='par_1_3' title="bbox 98 297 1192 352">
     <span class='ocr_line' id='line_1_3' title="bbox 98 297 1192 352; baseline -0.004 -13"><span class='ocrx_word' id='word_1_12' title='bbox 98 301 224 352; x_wconf 88' lang='lat' dir='ltr'>qualis</span> <span class='ocrx_word' id='word_1_13' title='bbox 243 314 407 352; x_wconf 87' lang='lat' dir='ltr'>gemma,</span> <span class='ocrx_word' id='word_1_14' title='bbox 431 300 560 346; x_wconf 89' lang='lat' dir='ltr'>micat,</span> <span class='ocrx_word' id='word_1_15' title='bbox 581 299 736 337; x_wconf 86' lang='lat' dir='ltr'>fulvum</span> <span class='ocrx_word' id='word_1_16' title='bbox 756 311 856 348; x_wconf 88' lang='lat' dir='ltr'>quae</span> <span class='ocrx_word' id='word_1_17' title='bbox 877 297 1022 336; x_wconf 88' lang='lat' dir='ltr'>dividit</span> <span class='ocrx_word' id='word_1_18' title='bbox 1041 311 1192 344; x_wconf 87' lang='lat' dir='ltr'>aurum,</span> 
     </span>
    </p>

    <p class='ocr_par' dir='ltr' id='par_1_4' title="bbox 99 362 1292 414">
     <span class='ocr_line' id='line_1_4' title="bbox 99 362 1292 414; baseline -0.004 -10"><span class='ocrx_word' id='word_1_19' title='bbox 99 371 169 404; x_wconf 84' lang='lat' dir='ltr'>aut</span> <span class='ocrx_word' id='word_1_20' title='bbox 188 365 286 403; x_wconf 91' lang='lat' dir='ltr'>collo</span> <span class='ocrx_word' id='word_1_21' title='bbox 307 364 426 403; x_wconf 89' lang='lat' dir='ltr'>decus</span> <span class='ocrx_word' id='word_1_22' title='bbox 446 369 515 402; x_wconf 89' lang='lat' dir='ltr'>aut</span> <span class='ocrx_word' id='word_1_23' title='bbox 534 363 654 414; x_wconf 86' lang='lat' dir='ltr'>capiti</span> <span class='ocrx_word' id='word_1_24' title='bbox 670 378 680 412; x_wconf 76' lang='lat'>3</span> <span class='ocrx_word' id='word_1_25' title='bbox 707 362 770 401; x_wconf 89' lang='lat' dir='ltr'>vel</span> <span class='ocrx_word' id='word_1_26' title='bbox 791 362 906 413; x_wconf 89' lang='lat' dir='ltr'>quale</span> <span class='ocrx_word' id='word_1_27' title='bbox 926 375 996 412; x_wconf 88' lang='lat' dir='ltr'>per</span> <span class='ocrx_word' id='word_1_28' title='bbox 1015 366 1139 401; x_wconf 88' lang='lat' dir='ltr'>artem</span> <span class='ocrx_word' id='word_1_29' title='bbox 1220 362 1292 399; x_wconf 84' lang='lat'>135</span> 
     </span>
    </p>

    <p class='ocr_par' dir='ltr' id='par_1_5' title="bbox 99 426 904 468">
     <span class='ocr_line' id='line_1_5' title="bbox 99 426 904 468; baseline -0.004 -1"><span class='ocrx_word' id='word_1_30' title='bbox 99 429 294 468; x_wconf 88' lang='lat' dir='ltr'>inclusum</span> <span class='ocrx_word' id='word_1_31' title='bbox 314 430 420 467; x_wconf 89' lang='lat' dir='ltr'>buxo</span> <span class='ocrx_word' id='word_1_32' title='bbox 442 433 510 466; x_wconf 90' lang='lat' dir='ltr'>aut</span> <span class='ocrx_word' id='word_1_33' title='bbox 530 427 660 466; x_wconf 82' lang='lat' dir='ltr'>Oricia</span> <span class='ocrx_word' id='word_1_34' title='bbox 680 426 904 465; x_wconf 72' lang='lat' dir='ltr'>terebintho</span> 
     </span>
    </p>

    <p class='ocr_par' dir='ltr' id='par_1_6' title="bbox 99 491 999 542">
     <span class='ocr_line' id='line_1_6' title="bbox 99 491 999 542; baseline -0.004 -10"><span class='ocrx_word' id='word_1_35' title='bbox 99 494 203 532; x_wconf 86' lang='lat' dir='ltr'>lucet</span> <span class='ocrx_word' id='word_1_36' title='bbox 224 494 320 532; x_wconf 88' lang='lat' dir='ltr'>ebur</span> <span class='ocrx_word' id='word_1_37' title='bbox 334 508 344 542; x_wconf 80' lang='lat'><em>3</em></span> <span class='ocrx_word' id='word_1_38' title='bbox 372 493 479 531; x_wconf 88' lang='lat' dir='ltr'>fusos</span> <span class='ocrx_word' id='word_1_39' title='bbox 499 492 633 530; x_wconf 87' lang='lat' dir='ltr'>cervix</span> <span class='ocrx_word' id='word_1_40' title='bbox 655 491 716 530; x_wconf 91' lang='lat' dir='ltr'>cui</span> <span class='ocrx_word' id='word_1_41' title='bbox 736 491 862 529; x_wconf 86' lang='lat' dir='ltr'>lactea</span> <span class='ocrx_word' id='word_1_42' title='bbox 881 491 999 529; x_wconf 84' lang='lat' dir='ltr'>crinis</span> 
     </span>
    </p>

    <p class='ocr_par' dir='ltr' id='par_1_7' title="bbox 100 555 961 609">
     <span class='ocr_line' id='line_1_7' title="bbox 100 555 961 609; baseline -0.005 -12"><span class='ocrx_word' id='word_1_43' title='bbox 100 559 242 609; x_wconf 86' lang='lat' dir='ltr'>accipit</span> <span class='ocrx_word' id='word_1_44' title='bbox 262 563 301 596; x_wconf 95' lang='lat' dir='ltr'>et</span> <span class='ocrx_word' id='word_1_45' title='bbox 320 557 430 596; x_wconf 89' lang='lat' dir='ltr'>molli</span> <span class='ocrx_word' id='word_1_46' title='bbox 450 556 649 595; x_wconf 81' lang='lat' dir='ltr'>subnectit</span> <span class='ocrx_word' id='word_1_47' title='bbox 670 555 837 594; x_wconf 87' lang='lat' dir='ltr'>circulus</span> <span class='ocrx_word' id='word_1_48' title='bbox 856 568 961 593; x_wconf 90' lang='lat' dir='ltr'>auro.</span> 
     </span>
    </p>

    <p class='ocr_par' dir='ltr' id='par_1_8' title="bbox 100 620 1165 673">
     <span class='ocr_line' id='line_1_8' title="bbox 100 620 1165 673; baseline -0.004 -12"><span class='ocrx_word' id='word_1_49' title='bbox 100 628 140 661; x_wconf 91' lang='lat' dir='ltr'>te</span> <span class='ocrx_word' id='word_1_50' title='bbox 160 635 315 673; x_wconf 89' lang='lat' dir='ltr'>quoque</span> <span class='ocrx_word' id='word_1_51' title='bbox 335 621 608 672; x_wconf 75' lang='lat' dir='ltr'>magnanimae</span> <span class='ocrx_word' id='word_1_52' title='bbox 627 620 825 668; x_wconf 87' lang='lat' dir='ltr'>viderunt,</span> <span class='ocrx_word' id='word_1_53' title='bbox 848 620 1007 666; x_wconf 86' lang='lat' dir='ltr'>Ismare,</span> <span class='ocrx_word' id='word_1_54' title='bbox 1027 624 1165 670; x_wconf 83' lang='lat' dir='ltr'>gentes</span> 
     </span>
    </p>

    <p class='ocr_par' dir='ltr' id='par_1_9' title="bbox 101 684 1298 737">
     <span class='ocr_line' id='line_1_9' title="bbox 101 684 1298 737; baseline -0.004 -12"><span class='ocrx_word' id='word_1_55' title='bbox 101 687 262 725; x_wconf 85' lang='lat' dir='ltr'>volnera</span> <span class='ocrx_word' id='word_1_56' title='bbox 282 687 458 737; x_wconf 82' lang='lat' dir='ltr'>derigere</span> <span class='ocrx_word' id='word_1_57' title='bbox 478 690 518 724; x_wconf 90' lang='lat' dir='ltr'>et</span> <span class='ocrx_word' id='word_1_58' title='bbox 538 685 704 723; x_wconf 77' lang='lat' dir='ltr'>calamos</span> <span class='ocrx_word' id='word_1_59' title='bbox 724 697 874 722; x_wconf 86' lang='lat' dir='ltr'>armare</span> <span class='ocrx_word' id='word_1_60' title='bbox 894 697 1056 732; x_wconf 87' lang='lat' dir='ltr'>veneno,</span> <span class='ocrx_word' id='word_1_61' title='bbox 1223 684 1298 720; x_wconf 87' lang='grc'>140</span> 
     </span>
    </p>

    <p class='ocr_par' dir='ltr' id='par_1_10' title="bbox 103 748 1034 800">
     <span class='ocr_line' id='line_1_10' title="bbox 103 748 1034 800; baseline -0.005 -10"><span class='ocrx_word' id='word_1_62' title='bbox 103 752 286 790; x_wconf 86' lang='lat' dir='ltr'>Maeonia</span> <span class='ocrx_word' id='word_1_63' title='bbox 305 764 489 800; x_wconf 86' lang='lat' dir='ltr'>generose</span> <span class='ocrx_word' id='word_1_64' title='bbox 510 750 637 795; x_wconf 89' lang='lat' dir='ltr'>domo,</span> <span class='ocrx_word' id='word_1_65' title='bbox 660 749 727 787; x_wconf 86' lang='lat' dir='ltr'>ubi</span> <span class='ocrx_word' id='word_1_66' title='bbox 748 749 908 799; x_wconf 82' lang='lat' dir='ltr'>pinguia</span> <span class='ocrx_word' id='word_1_67' title='bbox 928 748 1034 786; x_wconf 89' lang='lat' dir='ltr'>culta</span> 
     </span>
    </p>

    <p class='ocr_par' dir='ltr' id='par_1_11' title="bbox 102 813 1028 866">
     <span class='ocr_line' id='line_1_11' title="bbox 102 813 1028 866; baseline -0.005 -11"><span class='ocrx_word' id='word_1_68' title='bbox 102 821 364 866; x_wconf 83' lang='lat' dir='ltr'>exercentque</span> <span class='ocrx_word' id='word_1_69' title='bbox 383 815 458 853; x_wconf 88' lang='lat' dir='ltr'>viri</span> <span class='ocrx_word' id='word_1_70' title='bbox 480 814 740 863; x_wconf 84' lang='lat' dir='ltr'>Pactolusque</span> <span class='ocrx_word' id='word_1_71' title='bbox 759 813 904 863; x_wconf 83' lang='lat' dir='ltr'>inrigat</span> <span class='ocrx_word' id='word_1_72' title='bbox 924 826 1028 851; x_wconf 88' lang='lat' dir='ltr'>auro.</span> 
     </span>
    </p>

    <p class='ocr_par' dir='ltr' id='par_1_12' title="bbox 104 876 1148 928">
     <span class='ocr_line' id='line_1_12' title="bbox 104 876 1148 928; baseline -0.005 -9"><span class='ocrx_word' id='word_1_73' title='bbox 104 881 233 919; x_wconf 88' lang='lat' dir='ltr'>adfuit</span> <span class='ocrx_word' id='word_1_74' title='bbox 253 885 292 919; x_wconf 91' lang='lat' dir='ltr'>et</span> <span class='ocrx_word' id='word_1_75' title='bbox 311 879 554 926; x_wconf 85' lang='lat' dir='ltr'>Mnestheus,</span> <span class='ocrx_word' id='word_1_76' title='bbox 577 891 694 928; x_wconf 87' lang='lat' dir='ltr'>quem</span> <span class='ocrx_word' id='word_1_77' title='bbox 713 877 817 928; x_wconf 88' lang='lat' dir='ltr'>pulsi</span> <span class='ocrx_word' id='word_1_78' title='bbox 836 877 1004 927; x_wconf 87' lang='lat' dir='ltr'>pristina</span> <span class='ocrx_word' id='word_1_79' title='bbox 1024 876 1148 915; x_wconf 88' lang='lat' dir='ltr'>Turni</span> 
     </span>
    </p>

    <p class='ocr_par' dir='ltr' id='par_1_13' title="bbox 105 941 996 996">
     <span class='ocr_line' id='line_1_13' title="bbox 105 941 996 996; baseline -0.006 -12"><span class='ocrx_word' id='word_1_80' title='bbox 105 958 243 996; x_wconf 83' lang='lat' dir='ltr'>aggere</span> <span class='ocrx_word' id='word_1_81' title='bbox 263 957 486 983; x_wconf 86' lang='lat' dir='ltr'>moerorum</span> <span class='ocrx_word' id='word_1_82' title='bbox 506 942 714 981; x_wconf 86' lang='lat' dir='ltr'>sublimem</span> <span class='ocrx_word' id='word_1_83' title='bbox 733 941 858 992; x_wconf 83' lang='lat' dir='ltr'>gloria</span> <span class='ocrx_word' id='word_1_84' title='bbox 880 941 996 988; x_wconf 89' lang='lat' dir='ltr'>tollit,</span> 
     </span>
    </p>

    <p class='ocr_par' dir='ltr' id='par_1_14' title="bbox 105 1006 1299 1113">
     <span class='ocr_line' id='line_1_14' title="bbox 105 1006 1299 1061; baseline -0.005 -12"><span class='ocrx_word' id='word_1_85' title='bbox 105 1016 145 1049; x_wconf 92' lang='lat' dir='ltr'>et</span> <span class='ocrx_word' id='word_1_86' title='bbox 166 1010 296 1061; x_wconf 86' lang='lat' dir='ltr'>Capys</span> <span class='ocrx_word' id='word_1_87' title='bbox 314 1025 322 1048; x_wconf 77' lang='lat' dir='ltr'>t</span> <span class='ocrx_word' id='word_1_88' title='bbox 351 1009 443 1047; x_wconf 91' lang='lat' dir='ltr'>hinc</span> <span class='ocrx_word' id='word_1_89' title='bbox 463 1021 608 1046; x_wconf 90' lang='lat' dir='ltr'>nomen</span> <span class='ocrx_word' id='word_1_90' title='bbox 628 1007 851 1057; x_wconf 80' lang='lat' dir='ltr'>Campanae</span> <span class='ocrx_word' id='word_1_91' title='bbox 872 1006 1030 1044; x_wconf 89' lang='lat' dir='ltr'>ducitur</span> <span class='ocrx_word' id='word_1_92' title='bbox 1048 1006 1146 1044; x_wconf 89' lang='lat' dir='ltr'>urbi.</span> <span class='ocrx_word' id='word_1_93' title='bbox 1227 1007 1299 1043; x_wconf 83' lang='lat'>145</span> 
     </span>
     <span class='ocr_line' id='line_1_15' title="bbox 159 1071 912 1113; baseline -0.005 -1"><span class='ocrx_word' id='word_1_94' title='bbox 159 1075 224 1113; x_wconf 84' lang='lat' dir='ltr'>Illi</span> <span class='ocrx_word' id='word_1_95' title='bbox 244 1076 349 1112; x_wconf 90' lang='lat' dir='ltr'>inter</span> <span class='ocrx_word' id='word_1_96' title='bbox 369 1086 452 1112; x_wconf 89' lang='lat' dir='ltr'>sese</span> <span class='ocrx_word' id='word_1_97' title='bbox 473 1073 562 1110; x_wconf 88' lang='lat' dir='ltr'>duri</span> <span class='ocrx_word' id='word_1_98' title='bbox 583 1071 798 1110; x_wconf 86' lang='lat' dir='ltr'>certamina</span> <span class='ocrx_word' id='word_1_99' title='bbox 817 1071 912 1109; x_wconf 88' lang='lat' dir='ltr'>belli</span> 
     </span>
    </p>

    <p class='ocr_par' dir='ltr' id='par_1_15' title="bbox 107 1134 1161 1179">
     <span class='ocr_line' id='line_1_16' title="bbox 107 1134 1161 1179; baseline -0.006 -1"><span class='ocrx_word' id='word_1_100' title='bbox 107 1140 357 1179; x_wconf 88' lang='lat' dir='ltr'>contulerant</span> <span class='ocrx_word' id='word_1_101' title='bbox 376 1152 382 1175; x_wconf 93' lang='lat'>:</span> <span class='ocrx_word' id='word_1_102' title='bbox 412 1137 543 1176; x_wconf 87' lang='lat' dir='ltr'>media</span> <span class='ocrx_word' id='word_1_103' title='bbox 562 1137 717 1174; x_wconf 86' lang='lat' dir='ltr'>Aeneas</span> <span class='ocrx_word' id='word_1_104' title='bbox 736 1137 839 1173; x_wconf 89' lang='lat' dir='ltr'>freta</span> <span class='ocrx_word' id='word_1_105' title='bbox 858 1139 974 1173; x_wconf 89' lang='lat' dir='ltr'>nocte</span> <span class='ocrx_word' id='word_1_106' title='bbox 995 1134 1161 1173; x_wconf 79' lang='lat' dir='ltr'>secabat,</span> 
     </span>
    </p>

    <p class='ocr_par' dir='ltr' id='par_1_16' title="bbox 107 1199 1196 1255">
     <span class='ocr_line' id='line_1_17' title="bbox 107 1199 1196 1255; baseline -0.006 -12"><span class='ocrx_word' id='word_1_107' title='bbox 107 1217 277 1255; x_wconf 87' lang='lat' dir='ltr'>namque</span> <span class='ocrx_word' id='word_1_108' title='bbox 296 1208 343 1241; x_wconf 92' lang='lat' dir='ltr'>ut</span> <span class='ocrx_word' id='word_1_109' title='bbox 363 1203 411 1242; x_wconf 90' lang='lat' dir='ltr'>ab</span> <span class='ocrx_word' id='word_1_110' title='bbox 431 1201 618 1241; x_wconf 87' lang='lat' dir='ltr'>Euandro</span> <span class='ocrx_word' id='word_1_111' title='bbox 640 1201 776 1239; x_wconf 86' lang='lat' dir='ltr'>castris</span> <span class='ocrx_word' id='word_1_112' title='bbox 795 1200 995 1250; x_wconf 84' lang='lat' dir='ltr'>ingressus</span> <span class='ocrx_word' id='word_1_113' title='bbox 1018 1199 1196 1237; x_wconf 86' lang='lat' dir='ltr'>Etruscis</span> 
     </span>
    </p>

    <p class='ocr_par' dir='ltr' id='par_1_17' title="bbox 108 1267 1193 1320">
     <span class='ocr_line' id='line_1_18' title="bbox 108 1267 1193 1320; baseline -0.006 -12"><span class='ocrx_word' id='word_1_114' title='bbox 108 1283 240 1320; x_wconf 88' lang='lat' dir='ltr'>regem</span> <span class='ocrx_word' id='word_1_115' title='bbox 259 1268 344 1307; x_wconf 88' lang='lat' dir='ltr'>adit</span> <span class='ocrx_word' id='word_1_116' title='bbox 364 1273 403 1306; x_wconf 87' lang='lat' dir='ltr'>et</span> <span class='ocrx_word' id='word_1_117' title='bbox 422 1267 505 1317; x_wconf 88' lang='lat' dir='ltr'>regi</span> <span class='ocrx_word' id='word_1_118' title='bbox 525 1270 717 1304; x_wconf 88' lang='lat' dir='ltr'>memorat</span> <span class='ocrx_word' id='word_1_119' title='bbox 737 1277 959 1314; x_wconf 87' lang='lat' dir='ltr'>nomenque</span> <span class='ocrx_word' id='word_1_120' title='bbox 979 1276 1193 1314; x_wconf 87' lang='lat' dir='ltr'>genusque,</span> 
     </span>
    </p>

    <p class='ocr_par' dir='ltr' id='par_1_18' title="bbox 109 1329 1303 1385">
     <span class='ocr_line' id='line_1_19' title="bbox 109 1329 1303 1385; baseline -0.007 -12"><span class='ocrx_word' id='word_1_121' title='bbox 109 1334 255 1385; x_wconf 88' lang='lat' dir='ltr'>quidve</span> <span class='ocrx_word' id='word_1_122' title='bbox 274 1337 384 1383; x_wconf 85' lang='lat' dir='ltr'>petat</span> <span class='ocrx_word' id='word_1_123' title='bbox 404 1331 550 1382; x_wconf 87' lang='lat' dir='ltr'>quidve</span> <span class='ocrx_word' id='word_1_124' title='bbox 570 1331 652 1381; x_wconf 89' lang='lat' dir='ltr'>ipse</span> <span class='ocrx_word' id='word_1_125' title='bbox 671 1329 784 1376; x_wconf 86' lang='lat' dir='ltr'>ferat,</span> <span class='ocrx_word' id='word_1_126' title='bbox 805 1329 1029 1367; x_wconf 89' lang='lat' dir='ltr'>Mezentius</span> <span class='ocrx_word' id='word_1_127' title='bbox 1049 1341 1157 1366; x_wconf 89' lang='lat' dir='ltr'>arma</span> <span class='ocrx_word' id='word_1_128' title='bbox 1229 1329 1303 1366; x_wconf 88' lang='lat'>150</span> 
     </span>
    </p>

    <p class='ocr_par' dir='ltr' id='par_1_19' title="bbox 109 1392 1113 1450">
     <span class='ocr_line' id='line_1_20' title="bbox 109 1392 1113 1450; baseline -0.007 -13"><span class='ocrx_word' id='word_1_129' title='bbox 109 1412 209 1450; x_wconf 90' lang='lat' dir='ltr'>quae</span> <span class='ocrx_word' id='word_1_130' title='bbox 229 1398 305 1436; x_wconf 89' lang='lat' dir='ltr'>sibi</span> <span class='ocrx_word' id='word_1_131' title='bbox 325 1396 517 1442; x_wconf 86' lang='lat' dir='ltr'>conciliet,</span> <span class='ocrx_word' id='word_1_132' title='bbox 538 1394 791 1444; x_wconf 83' lang='lat' dir='ltr'>violentaque</span> <span class='ocrx_word' id='word_1_133' title='bbox 812 1398 971 1444; x_wconf 88' lang='lat' dir='ltr'>pectora</span> <span class='ocrx_word' id='word_1_134' title='bbox 990 1392 1113 1431; x_wconf 89' lang='lat' dir='ltr'>Turni</span> 
     </span>
    </p>

    <p class='ocr_par' dir='ltr' id='par_1_20' title="bbox 111 1458 954 1510">
     <span class='ocr_line' id='line_1_21' title="bbox 111 1458 954 1510; baseline -0.009 -8"><span class='ocrx_word' id='word_1_135' title='bbox 111 1463 257 1510; x_wconf 88' lang='lat' dir='ltr'>edocet,</span> <span class='ocrx_word' id='word_1_136' title='bbox 280 1461 463 1499; x_wconf 89' lang='lat' dir='ltr'>humanis</span> <span class='ocrx_word' id='word_1_137' title='bbox 484 1472 584 1510; x_wconf 89' lang='lat' dir='ltr'>quae</span> <span class='ocrx_word' id='word_1_138' title='bbox 604 1459 656 1496; x_wconf 87' lang='lat' dir='ltr'>sit</span> <span class='ocrx_word' id='word_1_139' title='bbox 675 1458 818 1496; x_wconf 88' lang='lat' dir='ltr'>fiducia</span> <span class='ocrx_word' id='word_1_140' title='bbox 838 1458 954 1496; x_wconf 89' lang='lat' dir='ltr'>rebus</span> 
     </span>
    </p>

    <p class='ocr_par' dir='ltr' id='par_1_21' title="bbox 111 1520 1292 1574">
     <span class='ocr_line' id='line_1_22' title="bbox 111 1520 1292 1574; baseline -0.007 -8"><span class='ocrx_word' id='word_1_141' title='bbox 111 1528 297 1567; x_wconf 86' lang='lat' dir='ltr'>admonet</span> <span class='ocrx_word' id='word_1_142' title='bbox 315 1526 574 1574; x_wconf 89' lang='lat' dir='ltr'>inmiscetque</span> <span class='ocrx_word' id='word_1_143' title='bbox 594 1535 750 1574; x_wconf 89' lang='lat' dir='ltr'>preces:</span> <span class='ocrx_word' id='word_1_144' title='bbox 780 1521 886 1560; x_wconf 86' lang='lat' dir='ltr'>haud</span> <span class='ocrx_word' id='word_1_145' title='bbox 907 1522 952 1559; x_wconf 85' lang='lat' dir='ltr'>fit</span> <span class='ocrx_word' id='word_1_146' title='bbox 971 1534 1091 1568; x_wconf 89' lang='lat' dir='ltr'>mora,</span> <span class='ocrx_word' id='word_1_147' title='bbox 1112 1520 1292 1559; x_wconf 90' lang='lat' dir='ltr'>Tarchon</span> 
     </span>
    </p>

    <p class='ocr_par' dir='ltr' id='par_1_22' title="bbox 111 1586 1073 1643">
     <span class='ocr_line' id='line_1_23' title="bbox 111 1586 1073 1643; baseline -0.008 -12"><span class='ocrx_word' id='word_1_148' title='bbox 111 1592 241 1643; x_wconf 86' lang='lat' dir='ltr'>iungit</span> <span class='ocrx_word' id='word_1_149' title='bbox 260 1604 351 1641; x_wconf 89' lang='lat' dir='ltr'>opes</span> <span class='ocrx_word' id='word_1_150' title='bbox 371 1589 587 1639; x_wconf 88' lang='lat' dir='ltr'>foedusque</span> <span class='ocrx_word' id='word_1_151' title='bbox 607 1587 699 1625; x_wconf 87' lang='lat' dir='ltr'>ferit</span> <span class='ocrx_word' id='word_1_152' title='bbox 713 1601 723 1634; x_wconf 81' lang='lat'>3</span> <span class='ocrx_word' id='word_1_153' title='bbox 752 1591 839 1624; x_wconf 89' lang='lat' dir='ltr'>tum</span> <span class='ocrx_word' id='word_1_154' title='bbox 858 1586 982 1624; x_wconf 89' lang='lat' dir='ltr'>libera</span> <span class='ocrx_word' id='word_1_155' title='bbox 1001 1586 1073 1624; x_wconf 87' lang='lat' dir='ltr'>fati</span> 
     </span>
    </p>

    <p class='ocr_par' dir='ltr' id='par_1_23' title="bbox 112 1649 1304 1702">
     <span class='ocr_line' id='line_1_24' title="bbox 112 1649 1304 1702; baseline -0.008 -6"><span class='ocrx_word' id='word_1_156' title='bbox 112 1658 274 1696; x_wconf 86' lang='lat' dir='ltr'>classem</span> <span class='ocrx_word' id='word_1_157' title='bbox 293 1653 520 1693; x_wconf 83' lang='lat' dir='ltr'>conscendit</span> <span class='ocrx_word' id='word_1_158' title='bbox 539 1652 654 1690; x_wconf 86' lang='lat' dir='ltr'>iussis</span> <span class='ocrx_word' id='word_1_159' title='bbox 674 1664 770 1702; x_wconf 84' lang='lat' dir='ltr'>gens</span> <span class='ocrx_word' id='word_1_160' title='bbox 789 1650 917 1700; x_wconf 87' lang='lat' dir='ltr'>Lydia</span> <span class='ocrx_word' id='word_1_161' title='bbox 936 1649 1081 1696; x_wconf 91' lang='lat' dir='ltr'>divom,</span> <span class='ocrx_word' id='word_1_162' title='bbox 1231 1651 1304 1687; x_wconf 84' lang='lat'>155</span> 
     </span>
    </p>

    <p class='ocr_par' dir='ltr' id='par_1_24' title="bbox 113 1714 976 1765">
     <span class='ocr_line' id='line_1_25' title="bbox 113 1714 976 1765; baseline -0.01 -5"><span class='ocrx_word' id='word_1_163' title='bbox 113 1726 278 1760; x_wconf 87' lang='lat' dir='ltr'>externo</span> <span class='ocrx_word' id='word_1_164' title='bbox 299 1718 486 1757; x_wconf 88' lang='lat' dir='ltr'>commisa</span> <span class='ocrx_word' id='word_1_165' title='bbox 505 1717 605 1755; x_wconf 89' lang='lat' dir='ltr'>duci.</span> <span class='ocrx_word' id='word_1_166' title='bbox 663 1715 815 1753; x_wconf 91' lang='lat' dir='ltr'>Aeneia</span> <span class='ocrx_word' id='word_1_167' title='bbox 833 1714 976 1765; x_wconf 87' lang='lat' dir='ltr'>puppis</span> 
     </span>
    </p>

    <p class='ocr_par' dir='ltr' id='par_1_25' title="bbox 112 1778 1133 1837">
     <span class='ocr_line' id='line_1_26' title="bbox 112 1778 1133 1837; baseline -0.009 -13"><span class='ocrx_word' id='word_1_168' title='bbox 112 1786 239 1837; x_wconf 89' lang='lat' dir='ltr'>prima</span> <span class='ocrx_word' id='word_1_169' title='bbox 257 1788 377 1830; x_wconf 88' lang='lat' dir='ltr'>tenet,</span> <span class='ocrx_word' id='word_1_170' title='bbox 400 1786 525 1821; x_wconf 88' lang='lat' dir='ltr'>rostro</span> <span class='ocrx_word' id='word_1_171' title='bbox 547 1780 742 1830; x_wconf 87' lang='lat' dir='ltr'>Phrygios</span> <span class='ocrx_word' id='word_1_172' title='bbox 763 1779 972 1816; x_wconf 87' lang='lat' dir='ltr'>subiuncta</span> <span class='ocrx_word' id='word_1_173' title='bbox 990 1778 1133 1826; x_wconf 88' lang='lat' dir='ltr'>leones,</span> 
     </span>
    </p>

    <p class='ocr_par' dir='ltr' id='par_1_26' title="bbox 113 1842 1159 1897">
     <span class='ocr_line' id='line_1_27' title="bbox 113 1842 1159 1897; baseline -0.01 -8"><span class='ocrx_word' id='word_1_174' title='bbox 113 1850 294 1889; x_wconf 89' lang='lat' dir='ltr'>imminet</span> <span class='ocrx_word' id='word_1_175' title='bbox 313 1848 386 1886; x_wconf 86' lang='lat' dir='ltr'>Ida</span> <span class='ocrx_word' id='word_1_176' title='bbox 405 1860 532 1897; x_wconf 89' lang='lat' dir='ltr'>super,</span> <span class='ocrx_word' id='word_1_177' title='bbox 553 1844 728 1895; x_wconf 87' lang='lat' dir='ltr'>profugis</span> <span class='ocrx_word' id='word_1_178' title='bbox 748 1843 971 1894; x_wconf 87' lang='lat' dir='ltr'>gratissima</span> <span class='ocrx_word' id='word_1_179' title='bbox 990 1842 1159 1881; x_wconf 86' lang='lat' dir='ltr'>Teucris.</span> 
     </span>
    </p>

    <p class='ocr_par' dir='ltr' id='par_1_27' title="bbox 114 1907 1076 1964">
     <span class='ocr_line' id='line_1_28' title="bbox 114 1907 1076 1964; baseline -0.009 -11"><span class='ocrx_word' id='word_1_180' title='bbox 114 1915 177 1953; x_wconf 86' lang='lat' dir='ltr'>hic</span> <span class='ocrx_word' id='word_1_181' title='bbox 197 1926 362 1964; x_wconf 86' lang='lat' dir='ltr'>magnus</span> <span class='ocrx_word' id='word_1_182' title='bbox 383 1911 494 1950; x_wconf 85' lang='lat' dir='ltr'>sedet</span> <span class='ocrx_word' id='word_1_183' title='bbox 514 1910 669 1948; x_wconf 88' lang='lat' dir='ltr'>Aeneas</span> <span class='ocrx_word' id='word_1_184' title='bbox 690 1920 899 1957; x_wconf 88' lang='lat' dir='ltr'>secumque</span> <span class='ocrx_word' id='word_1_185' title='bbox 920 1907 1076 1945; x_wconf 88' lang='lat' dir='ltr'>volutat</span> 
     </span>
    </p>

    <p class='ocr_par' dir='ltr' id='par_1_28' title="bbox 116 1970 1306 2023">
     <span class='ocr_line' id='line_1_29' title="bbox 116 1970 1306 2023; baseline -0.009 -5"><span class='ocrx_word' id='word_1_186' title='bbox 116 1984 279 2018; x_wconf 90' lang='lat' dir='ltr'>eventus</span> <span class='ocrx_word' id='word_1_187' title='bbox 298 1976 391 2015; x_wconf 88' lang='lat' dir='ltr'>belli</span> <span class='ocrx_word' id='word_1_188' title='bbox 410 1975 549 2021; x_wconf 80' lang='lat' dir='ltr'>varios,</span> <span class='ocrx_word' id='word_1_189' title='bbox 571 1973 778 2023; x_wconf 87' lang='lat' dir='ltr'>Pallasque</span> <span class='ocrx_word' id='word_1_190' title='bbox 798 1972 959 2010; x_wconf 87' lang='lat' dir='ltr'>sinistro</span> <span class='ocrx_word' id='word_1_191' title='bbox 1231 1970 1306 2008; x_wconf 89' lang='lat'>160</span> 
     </span>
    </p>

    <p class='ocr_par' dir='ltr' id='par_1_29' title="bbox 116 2036 999 2089">
     <span class='ocr_line' id='line_1_30' title="bbox 116 2036 999 2089; baseline -0.01 -7"><span class='ocrx_word' id='word_1_192' title='bbox 116 2044 270 2082; x_wconf 85' lang='lat' dir='ltr'>adfixus</span> <span class='ocrx_word' id='word_1_193' title='bbox 290 2041 404 2079; x_wconf 89' lang='lat' dir='ltr'>lateri</span> <span class='ocrx_word' id='word_1_194' title='bbox 424 2040 503 2078; x_wconf 91' lang='lat' dir='ltr'>iam</span> <span class='ocrx_word' id='word_1_195' title='bbox 523 2038 677 2089; x_wconf 86' lang='lat' dir='ltr'>quaerit</span> <span class='ocrx_word' id='word_1_196' title='bbox 697 2036 835 2084; x_wconf 84' lang='lat' dir='ltr'>sidera,</span> <span class='ocrx_word' id='word_1_197' title='bbox 858 2048 999 2086; x_wconf 89' lang='lat' dir='ltr'>opacae</span> 
     </span>
    </p>
   </div>
  </div>
 </body>
</html>
