<?xml version="1.0" encoding="UTF-8"?>
<!DOCTYPE html PUBLIC "-//W3C//DTD XHTML 1.0 Transitional//EN"
    "http://www.w3.org/TR/xhtml1/DTD/xhtml1-transitional.dtd">
<html xmlns="http://www.w3.org/1999/xhtml" xml:lang="en" lang="en">
 <head>
  <title>
</title>
<meta http-equiv="Content-Type" content="text/html;charset=utf-8" />
  <meta name='ocr-system' content='tesseract 3.04.00' />
  <meta name='ocr-capabilities' content='ocr_page ocr_carea ocr_par ocr_line ocrx_word'/>
</head>
<body>
  <div class='ocr_page' id='page_1' title='image "aeneidosliberx00virguoft_0030.png"; bbox 0 0 1429 2220; ppageno 0'>
   <div class='ocr_carea' id='block_1_1' title="bbox 143 110 991 145">
    <p class='ocr_par' dir='ltr' id='par_1_1' title="bbox 143 110 991 145">
     <span class='ocr_line' id='line_1_1' title="bbox 143 110 991 145; baseline -0.002 -1"><span class='ocrx_word' id='word_1_1' title='bbox 143 114 185 145; x_wconf 85' lang='lat'>20</span> <span class='ocrx_word' id='word_1_2' title='bbox 485 112 523 144; x_wconf 89' lang='lat' dir='ltr'>P.</span> <span class='ocrx_word' id='word_1_3' title='bbox 550 111 750 144; x_wconf 83' lang='lat' dir='ltr'>VERGILI</span> <span class='ocrx_word' id='word_1_4' title='bbox 773 110 991 143; x_wconf 84' lang='lat' dir='ltr'>MARONIS</span> 
     </span>
    </p>
   </div>
   <div class='ocr_carea' id='block_1_2' title="bbox 143 207 1341 1674">
    <p class='ocr_par' dir='ltr' id='par_1_2' title="bbox 143 207 1082 257">
     <span class='ocr_line' id='line_1_2' title="bbox 143 207 1082 257; baseline -0.001 -10"><span class='ocrx_word' id='word_1_5' title='bbox 143 208 269 247; x_wconf 88' lang='lat' dir='ltr'>infula</span> <span class='ocrx_word' id='word_1_6' title='bbox 298 208 358 246; x_wconf 90' lang='lat' dir='ltr'>cui</span> <span class='ocrx_word' id='word_1_7' title='bbox 387 221 495 246; x_wconf 87' lang='lat' dir='ltr'>sacra</span> <span class='ocrx_word' id='word_1_8' title='bbox 524 207 734 245; x_wconf 87' lang='lat' dir='ltr'>redimibat</span> <span class='ocrx_word' id='word_1_9' title='bbox 763 212 942 257; x_wconf 89' lang='lat' dir='ltr'>tempora</span> <span class='ocrx_word' id='word_1_10' title='bbox 970 207 1082 253; x_wconf 89' lang='lat' dir='ltr'>vitta,</span> 
     </span>
    </p>

    <p class='ocr_par' dir='ltr' id='par_1_3' title="bbox 144 271 1157 321">
     <span class='ocr_line' id='line_1_3' title="bbox 144 271 1157 321; baseline -0.001 -10"><span class='ocrx_word' id='word_1_11' title='bbox 144 277 253 311; x_wconf 89' lang='lat' dir='ltr'>totus</span> <span class='ocrx_word' id='word_1_12' title='bbox 281 272 487 311; x_wconf 80' lang='lat' dir='ltr'>conlucens</span> <span class='ocrx_word' id='word_1_13' title='bbox 516 276 625 310; x_wconf 88' lang='lat' dir='ltr'>veste</span> <span class='ocrx_word' id='word_1_14' title='bbox 653 276 771 321; x_wconf 87' lang='lat' dir='ltr'>atque</span> <span class='ocrx_word' id='word_1_15' title='bbox 799 271 1019 321; x_wconf 83' lang='lat' dir='ltr'>insignibus</span> <span class='ocrx_word' id='word_1_16' title='bbox 1048 271 1157 310; x_wconf 87' lang='lat' dir='ltr'>albis.</span> 
     </span>
    </p>

    <p class='ocr_par' dir='ltr' id='par_1_4' title="bbox 143 335 1336 578">
     <span class='ocr_line' id='line_1_4' title="bbox 144 335 1336 387; baseline -0.002 -12"><span class='ocrx_word' id='word_1_17' title='bbox 144 350 261 387; x_wconf 89' lang='lat' dir='ltr'>quem</span> <span class='ocrx_word' id='word_1_18' title='bbox 277 349 505 387; x_wconf 88' lang='lat' dir='ltr'>congressus</span> <span class='ocrx_word' id='word_1_19' title='bbox 521 336 603 387; x_wconf 88' lang='lat' dir='ltr'>agit</span> <span class='ocrx_word' id='word_1_20' title='bbox 615 349 752 386; x_wconf 85' lang='lat' dir='ltr'>campo</span> <span class='ocrx_word' id='word_1_21' title='bbox 767 335 997 386; x_wconf 88' lang='lat' dir='ltr'>lapsumque</span> <span class='ocrx_word' id='word_1_22' title='bbox 1013 339 1240 386; x_wconf 76' lang='lat' dir='ltr'>superstans</span> <span class='ocrx_word' id='word_1_23' title='bbox 1260 336 1336 373; x_wconf 84' lang='lat'>540</span> 
     </span>
     <span class='ocr_line' id='line_1_5' title="bbox 143 400 1227 451; baseline -0.002 -12"><span class='ocrx_word' id='word_1_24' title='bbox 143 401 322 440; x_wconf 84' lang='lat' dir='ltr'>immolat</span> <span class='ocrx_word' id='word_1_25' title='bbox 350 400 580 451; x_wconf 72' lang='lat' dir='ltr'>ingentique</span> <span class='ocrx_word' id='word_1_26' title='bbox 600 401 740 438; x_wconf 88' lang='lat' dir='ltr'>umbra</span> <span class='ocrx_word' id='word_1_27' title='bbox 769 400 884 450; x_wconf 90' lang='lat' dir='ltr'>tegit:</span> <span class='ocrx_word' id='word_1_28' title='bbox 915 413 1023 437; x_wconf 81' lang='lat' dir='ltr'>arma</span> <span class='ocrx_word' id='word_1_29' title='bbox 1046 400 1227 438; x_wconf 81' lang='lat' dir='ltr'>Serestus</span> 
     </span>
     <span class='ocr_line' id='line_1_6' title="bbox 145 464 1255 514; baseline -0.002 -10"><span class='ocrx_word' id='word_1_30' title='bbox 145 466 245 504; x_wconf 90' lang='lat' dir='ltr'>lecta</span> <span class='ocrx_word' id='word_1_31' title='bbox 272 465 393 504; x_wconf 85' lang='lat' dir='ltr'>refert</span> <span class='ocrx_word' id='word_1_32' title='bbox 421 465 576 511; x_wconf 88' lang='lat' dir='ltr'>umeris,</span> <span class='ocrx_word' id='word_1_33' title='bbox 609 464 694 510; x_wconf 88' lang='lat' dir='ltr'>tibi,</span> <span class='ocrx_word' id='word_1_34' title='bbox 725 477 796 502; x_wconf 88' lang='lat' dir='ltr'>rex</span> <span class='ocrx_word' id='word_1_35' title='bbox 824 464 1009 511; x_wconf 84' lang='lat' dir='ltr'>Gradive,</span> <span class='ocrx_word' id='word_1_36' title='bbox 1041 468 1255 514; x_wconf 88' lang='lat' dir='ltr'>tropaeum.</span> 
     </span>
     <span class='ocr_line' id='line_1_7' title="bbox 144 528 1022 578; baseline -0.003 -10"><span class='ocrx_word' id='word_1_37' title='bbox 144 531 368 568; x_wconf 85' lang='lat' dir='ltr'>instaurant</span> <span class='ocrx_word' id='word_1_38' title='bbox 396 530 496 568; x_wconf 92' lang='lat' dir='ltr'>acies</span> <span class='ocrx_word' id='word_1_39' title='bbox 526 529 690 566; x_wconf 81' lang='lat' dir='ltr'>Volcani</span> <span class='ocrx_word' id='word_1_40' title='bbox 720 528 841 578; x_wconf 86' lang='lat' dir='ltr'>stirpe</span> <span class='ocrx_word' id='word_1_41' title='bbox 871 532 1022 566; x_wconf 88' lang='lat' dir='ltr'>creatus</span> 
     </span>
    </p>

    <p class='ocr_par' dir='ltr' id='par_1_5' title="bbox 145 592 1337 773">
     <span class='ocr_line' id='line_1_8' title="bbox 146 592 1279 634; baseline -0.003 -1"><span class='ocrx_word' id='word_1_42' title='bbox 146 595 335 634; x_wconf 83' lang='lat' dir='ltr'>Caeculus</span> <span class='ocrx_word' id='word_1_43' title='bbox 364 599 404 633; x_wconf 92' lang='lat' dir='ltr'>et</span> <span class='ocrx_word' id='word_1_44' title='bbox 432 594 593 632; x_wconf 90' lang='lat' dir='ltr'>veniens</span> <span class='ocrx_word' id='word_1_45' title='bbox 622 594 844 631; x_wconf 81' lang='lat' dir='ltr'>Marsorum</span> <span class='ocrx_word' id='word_1_46' title='bbox 872 593 1073 631; x_wconf 87' lang='lat' dir='ltr'>montibus</span> <span class='ocrx_word' id='word_1_47' title='bbox 1103 592 1279 631; x_wconf 86' lang='lat' dir='ltr'>Umbro:</span> 
     </span>
     <span class='ocr_line' id='line_1_9' title="bbox 145 657 1337 698; baseline -0.003 0"><span class='ocrx_word' id='word_1_48' title='bbox 145 658 394 698; x_wconf 87' lang='lat' dir='ltr'>Dardanides</span> <span class='ocrx_word' id='word_1_49' title='bbox 414 663 551 697; x_wconf 84' lang='lat' dir='ltr'>contra</span> <span class='ocrx_word' id='word_1_50' title='bbox 570 658 675 696; x_wconf 88' lang='lat' dir='ltr'>furit.</span> <span class='ocrx_word' id='word_1_51' title='bbox 724 657 902 695; x_wconf 86' lang='lat' dir='ltr'>Anxuris</span> <span class='ocrx_word' id='word_1_52' title='bbox 923 670 1013 695; x_wconf 85' lang='lat' dir='ltr'>ense</span> <span class='ocrx_word' id='word_1_53' title='bbox 1033 657 1232 695; x_wconf 87' lang='lat' dir='ltr'>sinistram</span> <span class='ocrx_word' id='word_1_54' title='bbox 1261 658 1337 694; x_wconf 85' lang='lat'>545</span> 
     </span>
     <span class='ocr_line' id='line_1_10' title="bbox 146 721 1005 773; baseline -0.002 -12"><span class='ocrx_word' id='word_1_55' title='bbox 146 728 185 762; x_wconf 90' lang='lat' dir='ltr'>et</span> <span class='ocrx_word' id='word_1_56' title='bbox 214 728 345 761; x_wconf 87' lang='lat' dir='ltr'>totum</span> <span class='ocrx_word' id='word_1_57' title='bbox 373 722 488 773; x_wconf 86' lang='lat' dir='ltr'>clipei</span> <span class='ocrx_word' id='word_1_58' title='bbox 516 723 619 760; x_wconf 87' lang='lat' dir='ltr'>ferro</span> <span class='ocrx_word' id='word_1_59' title='bbox 649 722 843 760; x_wconf 87' lang='lat' dir='ltr'>deiecerat</span> <span class='ocrx_word' id='word_1_60' title='bbox 872 721 1005 760; x_wconf 89' lang='lat' dir='ltr'>orbem</span> 
     </span>
    </p>

    <p class='ocr_par' dir='ltr' id='par_1_6' title="bbox 147 785 1340 1149">
     <span class='ocr_line' id='line_1_11' title="bbox 147 785 1303 839; baseline -0.002 -14"><span class='ocrx_word' id='word_1_61' title='bbox 147 787 318 839; x_wconf 85' lang='lat' dir='ltr'>(dixerat</span> <span class='ocrx_word' id='word_1_62' title='bbox 348 786 413 825; x_wconf 87' lang='lat' dir='ltr'>ille</span> <span class='ocrx_word' id='word_1_63' title='bbox 443 786 592 837; x_wconf 89' lang='lat' dir='ltr'>aliquid</span> <span class='ocrx_word' id='word_1_64' title='bbox 620 799 807 837; x_wconf 85' lang='lat' dir='ltr'>magnum</span> <span class='ocrx_word' id='word_1_65' title='bbox 834 786 992 835; x_wconf 87' lang='lat' dir='ltr'>vimque</span> <span class='ocrx_word' id='word_1_66' title='bbox 1021 785 1154 824; x_wconf 89' lang='lat' dir='ltr'>adfore</span> <span class='ocrx_word' id='word_1_67' title='bbox 1182 785 1303 824; x_wconf 84' lang='lat' dir='ltr'>verbo</span> 
     </span>
     <span class='ocr_line' id='line_1_12' title="bbox 147 850 1154 901; baseline -0.002 -11"><span class='ocrx_word' id='word_1_68' title='bbox 147 852 366 890; x_wconf 84' lang='lat' dir='ltr'>crediderat</span> <span class='ocrx_word' id='word_1_69' title='bbox 394 851 578 901; x_wconf 84' lang='lat' dir='ltr'>caeloque</span> <span class='ocrx_word' id='word_1_70' title='bbox 607 851 783 888; x_wconf 85' lang='lat' dir='ltr'>animum</span> <span class='ocrx_word' id='word_1_71' title='bbox 811 850 974 888; x_wconf 80' lang='lat' dir='ltr'>fortasse</span> <span class='ocrx_word' id='word_1_72' title='bbox 1004 850 1154 888; x_wconf 90' lang='lat' dir='ltr'>ferebat</span> 
     </span>
     <span class='ocr_line' id='line_1_13' title="bbox 147 915 1206 966; baseline -0.003 -11"><span class='ocrx_word' id='word_1_73' title='bbox 147 916 410 966; x_wconf 81' lang='lat' dir='ltr'>canitiemque</span> <span class='ocrx_word' id='word_1_74' title='bbox 441 916 515 954; x_wconf 85' lang='lat' dir='ltr'>sibi</span> <span class='ocrx_word' id='word_1_75' title='bbox 545 920 585 954; x_wconf 89' lang='lat' dir='ltr'>et</span> <span class='ocrx_word' id='word_1_76' title='bbox 613 915 750 966; x_wconf 87' lang='lat' dir='ltr'>longos</span> <span class='ocrx_word' id='word_1_77' title='bbox 780 915 1011 965; x_wconf 85' lang='lat' dir='ltr'>promiserat</span> <span class='ocrx_word' id='word_1_78' title='bbox 1040 915 1206 965; x_wconf 87' lang='lat' dir='ltr'>annos):</span> 
     </span>
     <span class='ocr_line' id='line_1_14' title="bbox 147 979 1340 1031; baseline -0.001 -13"><span class='ocrx_word' id='word_1_79' title='bbox 147 981 360 1031; x_wconf 86' lang='lat' dir='ltr'>Tarquitus</span> <span class='ocrx_word' id='word_1_80' title='bbox 391 980 573 1019; x_wconf 79' lang='lat' dir='ltr'>exultans</span> <span class='ocrx_word' id='word_1_81' title='bbox 603 986 739 1017; x_wconf 86' lang='lat' dir='ltr'>contra</span> <span class='ocrx_word' id='word_1_82' title='bbox 766 979 1009 1030; x_wconf 81' lang='lat' dir='ltr'>fulgentibus</span> <span class='ocrx_word' id='word_1_83' title='bbox 1039 979 1168 1027; x_wconf 87' lang='lat' dir='ltr'>armis,</span> <span class='ocrx_word' id='word_1_84' title='bbox 1263 980 1340 1017; x_wconf 89' lang='lat'>550</span> 
     </span>
     <span class='ocr_line' id='line_1_15' title="bbox 147 1043 1235 1094; baseline -0.002 -11"><span class='ocrx_word' id='word_1_85' title='bbox 147 1045 343 1083; x_wconf 88' lang='lat' dir='ltr'>silvicolae</span> <span class='ocrx_word' id='word_1_86' title='bbox 372 1045 508 1082; x_wconf 84' lang='lat' dir='ltr'>Fauno</span> <span class='ocrx_word' id='word_1_87' title='bbox 538 1044 698 1094; x_wconf 91' lang='lat' dir='ltr'>Dryope</span> <span class='ocrx_word' id='word_1_88' title='bbox 728 1057 844 1093; x_wconf 90' lang='lat' dir='ltr'>quem</span> <span class='ocrx_word' id='word_1_89' title='bbox 872 1043 1048 1093; x_wconf 87' lang='lat' dir='ltr'>nympha</span> <span class='ocrx_word' id='word_1_90' title='bbox 1075 1048 1235 1089; x_wconf 77' lang='lat' dir='ltr'>crearat,</span> 
     </span>
     <span class='ocr_line' id='line_1_16' title="bbox 147 1108 1084 1149; baseline -0.004 0"><span class='ocrx_word' id='word_1_91' title='bbox 147 1110 287 1149; x_wconf 89' lang='lat' dir='ltr'>obvius</span> <span class='ocrx_word' id='word_1_92' title='bbox 316 1109 471 1147; x_wconf 86' lang='lat' dir='ltr'>ardenti</span> <span class='ocrx_word' id='word_1_93' title='bbox 501 1122 583 1147; x_wconf 88' lang='lat' dir='ltr'>sese</span> <span class='ocrx_word' id='word_1_94' title='bbox 613 1108 769 1146; x_wconf 88' lang='lat' dir='ltr'>obtulit.</span> <span class='ocrx_word' id='word_1_95' title='bbox 828 1108 893 1146; x_wconf 88' lang='lat' dir='ltr'>ille</span> <span class='ocrx_word' id='word_1_96' title='bbox 921 1108 1084 1146; x_wconf 85' lang='lat' dir='ltr'>reducta</span> 
     </span>
    </p>

    <p class='ocr_par' dir='ltr' id='par_1_7' title="bbox 147 1172 1181 1225">
     <span class='ocr_line' id='line_1_17' title="bbox 147 1172 1181 1225; baseline -0.003 -12"><span class='ocrx_word' id='word_1_97' title='bbox 147 1175 305 1213; x_wconf 87' lang='lat' dir='ltr'>loricam</span> <span class='ocrx_word' id='word_1_98' title='bbox 335 1174 527 1225; x_wconf 90' lang='lat' dir='ltr'>clipeique</span> <span class='ocrx_word' id='word_1_99' title='bbox 557 1174 695 1224; x_wconf 87' lang='lat' dir='ltr'>ingens</span> <span class='ocrx_word' id='word_1_100' title='bbox 725 1186 822 1211; x_wconf 91' lang='lat' dir='ltr'>onus</span> <span class='ocrx_word' id='word_1_101' title='bbox 850 1172 1017 1222; x_wconf 87' lang='lat' dir='ltr'>impedit</span> <span class='ocrx_word' id='word_1_102' title='bbox 1044 1172 1181 1221; x_wconf 85' lang='lat' dir='ltr'>hasta3</span> 
     </span>
    </p>

    <p class='ocr_par' dir='ltr' id='par_1_8' title="bbox 147 1236 1339 1419">
     <span class='ocr_line' id='line_1_18' title="bbox 148 1236 1248 1289; baseline -0.003 -11"><span class='ocrx_word' id='word_1_103' title='bbox 148 1244 234 1278; x_wconf 91' lang='lat' dir='ltr'>tum</span> <span class='ocrx_word' id='word_1_104' title='bbox 262 1243 379 1289; x_wconf 89' lang='lat' dir='ltr'>caput</span> <span class='ocrx_word' id='word_1_105' title='bbox 409 1238 556 1276; x_wconf 84' lang='lat' dir='ltr'>orantis</span> <span class='ocrx_word' id='word_1_106' title='bbox 585 1238 823 1287; x_wconf 82' lang='lat' dir='ltr'>nequiquam</span> <span class='ocrx_word' id='word_1_107' title='bbox 853 1242 893 1275; x_wconf 92' lang='lat' dir='ltr'>et</span> <span class='ocrx_word' id='word_1_108' title='bbox 921 1236 1045 1275; x_wconf 84' lang='lat' dir='ltr'>multa</span> <span class='ocrx_word' id='word_1_109' title='bbox 1072 1237 1248 1287; x_wconf 87' lang='lat' dir='ltr'>parantis</span> 
     </span>
     <span class='ocr_line' id='line_1_19' title="bbox 148 1303 1339 1352; baseline -0.002 -10"><span class='ocrx_word' id='word_1_110' title='bbox 148 1304 275 1342; x_wconf 87' lang='lat' dir='ltr'>dicere</span> <span class='ocrx_word' id='word_1_111' title='bbox 304 1303 492 1341; x_wconf 83' lang='lat' dir='ltr'>deturbat</span> <span class='ocrx_word' id='word_1_112' title='bbox 521 1308 649 1341; x_wconf 86' lang='lat' dir='ltr'>terrae</span> <span class='ocrx_word' id='word_1_113' title='bbox 678 1306 939 1351; x_wconf 86' lang='lat' dir='ltr'>truncumque</span> <span class='ocrx_word' id='word_1_114' title='bbox 969 1306 1170 1352; x_wconf 83' lang='lat' dir='ltr'>tepentem</span> <span class='ocrx_word' id='word_1_115' title='bbox 1263 1303 1339 1340; x_wconf 91' lang='lat'>555</span> 
     </span>
     <span class='ocr_line' id='line_1_20' title="bbox 147 1366 1180 1419; baseline -0.002 -13"><span class='ocrx_word' id='word_1_116' title='bbox 147 1368 382 1419; x_wconf 88' lang='lat' dir='ltr'>provolvens</span> <span class='ocrx_word' id='word_1_117' title='bbox 413 1380 529 1417; x_wconf 90' lang='lat' dir='ltr'>super</span> <span class='ocrx_word' id='word_1_118' title='bbox 556 1366 652 1404; x_wconf 83' lang='lat' dir='ltr'>haec</span> <span class='ocrx_word' id='word_1_119' title='bbox 680 1366 838 1404; x_wconf 89' lang='lat' dir='ltr'>inimico</span> <span class='ocrx_word' id='word_1_120' title='bbox 866 1371 1023 1416; x_wconf 85' lang='lat' dir='ltr'>pectore</span> <span class='ocrx_word' id='word_1_121' title='bbox 1051 1366 1180 1404; x_wconf 85' lang='lat' dir='ltr'>fatur:</span> 
     </span>
    </p>

    <p class='ocr_par' dir='ltr' id='par_1_9' title="bbox 148 1430 1329 1610">
     <span class='ocr_line' id='line_1_21' title="bbox 152 1430 1316 1480; baseline -0.003 -9"><span class='ocrx_word' id='word_1_122' title='bbox 152 1433 259 1471; x_wconf 89' lang='lat' dir='ltr'>‘istic</span> <span class='ocrx_word' id='word_1_123' title='bbox 288 1445 402 1479; x_wconf 89' lang='lat' dir='ltr'>nunc,</span> <span class='ocrx_word' id='word_1_124' title='bbox 434 1430 657 1476; x_wconf 86' lang='lat' dir='ltr'>metuende,</span> <span class='ocrx_word' id='word_1_125' title='bbox 688 1430 779 1468; x_wconf 84' lang='lat' dir='ltr'>iace.</span> <span class='ocrx_word' id='word_1_126' title='bbox 837 1443 915 1468; x_wconf 88' lang='lat' dir='ltr'>non</span> <span class='ocrx_word' id='word_1_127' title='bbox 945 1434 984 1468; x_wconf 91' lang='lat' dir='ltr'>te</span> <span class='ocrx_word' id='word_1_128' title='bbox 1012 1430 1162 1480; x_wconf 89' lang='lat' dir='ltr'>optima</span> <span class='ocrx_word' id='word_1_129' title='bbox 1190 1434 1316 1469; x_wconf 84' lang='lat' dir='ltr'>mater</span> 
     </span>
     <span class='ocr_line' id='line_1_22' title="bbox 148 1494 1329 1545; baseline -0.003 -9"><span class='ocrx_word' id='word_1_130' title='bbox 148 1497 290 1536; x_wconf 86' lang='lat' dir='ltr'>condet</span> <span class='ocrx_word' id='word_1_131' title='bbox 318 1496 429 1534; x_wconf 85' lang='lat' dir='ltr'>humi</span> <span class='ocrx_word' id='word_1_132' title='bbox 458 1495 663 1545; x_wconf 85' lang='lat' dir='ltr'>patrioque</span> <span class='ocrx_word' id='word_1_133' title='bbox 694 1494 873 1533; x_wconf 88' lang='lat' dir='ltr'>onerabit</span> <span class='ocrx_word' id='word_1_134' title='bbox 900 1495 1074 1532; x_wconf 87' lang='lat' dir='ltr'>membra</span> <span class='ocrx_word' id='word_1_135' title='bbox 1101 1494 1329 1545; x_wconf 87' lang='lat' dir='ltr'>sepulchro:</span> 
     </span>
     <span class='ocr_line' id='line_1_23' title="bbox 148 1559 1114 1610; baseline -0.004 -11"><span class='ocrx_word' id='word_1_136' title='bbox 148 1562 308 1600; x_wconf 87' lang='lat' dir='ltr'>alitibus</span> <span class='ocrx_word' id='word_1_137' title='bbox 337 1561 514 1610; x_wconf 87' lang='lat' dir='ltr'>linquere</span> <span class='ocrx_word' id='word_1_138' title='bbox 542 1560 635 1597; x_wconf 88' lang='lat' dir='ltr'>feris</span> <span class='ocrx_word' id='word_1_139' title='bbox 665 1563 734 1597; x_wconf 83' lang='lat' dir='ltr'>aut</span> <span class='ocrx_word' id='word_1_140' title='bbox 762 1559 915 1609; x_wconf 78' lang='lat' dir='ltr'>gurgite</span> <span class='ocrx_word' id='word_1_141' title='bbox 944 1571 1114 1596; x_wconf 87' lang='lat' dir='ltr'>mersum</span> 
     </span>
    </p>

    <p class='ocr_par' dir='ltr' id='par_1_10' title="bbox 148 1621 1341 1674">
     <span class='ocr_line' id='line_1_24' title="bbox 148 1621 1341 1674; baseline -0.003 -10"><span class='ocrx_word' id='word_1_142' title='bbox 148 1626 255 1665; x_wconf 88' lang='lat' dir='ltr'>unda</span> <span class='ocrx_word' id='word_1_143' title='bbox 282 1625 382 1663; x_wconf 84' lang='lat' dir='ltr'>feret</span> <span class='ocrx_word' id='word_1_144' title='bbox 410 1624 612 1674; x_wconf 85' lang='lat' dir='ltr'>piscesque</span> <span class='ocrx_word' id='word_1_145' title='bbox 641 1623 786 1673; x_wconf 85' lang='lat' dir='ltr'>inpasti</span> <span class='ocrx_word' id='word_1_146' title='bbox 815 1623 975 1660; x_wconf 83' lang='lat' dir='ltr'>volnera</span> <span class='ocrx_word' id='word_1_147' title='bbox 1003 1621 1202 1661; x_wconf 87' lang='lat' dir='ltr'>lambent.&#39;</span> <span class='ocrx_word' id='word_1_148' title='bbox 1263 1623 1341 1661; x_wconf 89' lang='lat'>560</span> 
     </span>
    </p>
   </div>
   <div class='ocr_carea' id='block_1_3' title="bbox 147 1685 1338 1803">
    <p class='ocr_par' dir='ltr' id='par_1_11' title="bbox 147 1685 1338 1803">
     <span class='ocr_line' id='line_1_25' title="bbox 147 1685 1312 1741; baseline -0.003 -13"><span class='ocrx_word' id='word_1_149' title='bbox 147 1690 328 1741; x_wconf 89' lang='lat' dir='ltr'>protinus</span> <span class='ocrx_word' id='word_1_150' title='bbox 357 1689 558 1726; x_wconf 89' lang='lat' dir='ltr'>Antaeum</span> <span class='ocrx_word' id='word_1_151' title='bbox 587 1693 626 1725; x_wconf 89' lang='lat' dir='ltr'>et</span> <span class='ocrx_word' id='word_1_152' title='bbox 656 1687 810 1734; x_wconf 84' lang='lat' dir='ltr'>Lucam,</span> <span class='ocrx_word' id='word_1_153' title='bbox 842 1687 968 1736; x_wconf 90' lang='lat' dir='ltr'>prima</span> <span class='ocrx_word' id='word_1_154' title='bbox 996 1687 1151 1737; x_wconf 79' lang='lat' dir='ltr'>agmina</span> <span class='ocrx_word' id='word_1_155' title='bbox 1176 1685 1312 1733; x_wconf 88' lang='lat' dir='ltr'>Turni,</span> 
     </span>
     <span class='ocr_line' id='line_1_26' title="bbox 148 1747 1338 1803; baseline -0.003 -13"><span class='ocrx_word' id='word_1_156' title='bbox 148 1751 396 1803; x_wconf 87' lang='lat' dir='ltr'>persequitur</span> <span class='ocrx_word' id='word_1_157' title='bbox 420 1750 639 1799; x_wconf 86' lang='lat' dir='ltr'>fortemque</span> <span class='ocrx_word' id='word_1_158' title='bbox 665 1749 836 1786; x_wconf 79' lang='lat' dir='ltr'>Numam</span> <span class='ocrx_word' id='word_1_159' title='bbox 856 1748 1086 1798; x_wconf 87' lang='lat' dir='ltr'>fulvumque</span> <span class='ocrx_word' id='word_1_160' title='bbox 1106 1747 1338 1795; x_wconf 85' lang='lat' dir='ltr'>Camertem,</span> 
     </span>
    </p>
   </div>
   <div class='ocr_carea' id='block_1_4' title="bbox 148 1812 1339 2057">
    <p class='ocr_par' dir='ltr' id='par_1_12' title="bbox 148 1812 1149 1866">
     <span class='ocr_line' id='line_1_27' title="bbox 148 1812 1149 1866; baseline -0.003 -13"><span class='ocrx_word' id='word_1_161' title='bbox 148 1814 400 1866; x_wconf 86' lang='lat' dir='ltr'>magnanimo</span> <span class='ocrx_word' id='word_1_162' title='bbox 429 1813 620 1852; x_wconf 90' lang='lat' dir='ltr'>Volcente</span> <span class='ocrx_word' id='word_1_163' title='bbox 651 1818 789 1859; x_wconf 84' lang='lat' dir='ltr'>satum,</span> <span class='ocrx_word' id='word_1_164' title='bbox 821 1812 1038 1849; x_wconf 89' lang='lat' dir='ltr'>ditissimus</span> <span class='ocrx_word' id='word_1_165' title='bbox 1067 1812 1149 1862; x_wconf 85' lang='lat' dir='ltr'>agri</span> 
     </span>
    </p>

    <p class='ocr_par' dir='ltr' id='par_1_13' title="bbox 148 1875 1339 2057">
     <span class='ocr_line' id='line_1_28' title="bbox 149 1875 1253 1930; baseline -0.002 -13"><span class='ocrx_word' id='word_1_166' title='bbox 149 1880 217 1930; x_wconf 92' lang='lat' dir='ltr'>qui</span> <span class='ocrx_word' id='word_1_167' title='bbox 246 1879 321 1917; x_wconf 87' lang='lat' dir='ltr'>fuit</span> <span class='ocrx_word' id='word_1_168' title='bbox 351 1877 601 1916; x_wconf 89' lang='lat' dir='ltr'>Ausonidum</span> <span class='ocrx_word' id='word_1_169' title='bbox 631 1882 670 1915; x_wconf 90' lang='lat' dir='ltr'>et</span> <span class='ocrx_word' id='word_1_170' title='bbox 699 1876 830 1914; x_wconf 86' lang='lat' dir='ltr'>tacitis</span> <span class='ocrx_word' id='word_1_171' title='bbox 858 1876 1039 1926; x_wconf 86' lang='lat' dir='ltr'>regnavit</span> <span class='ocrx_word' id='word_1_172' title='bbox 1066 1875 1253 1926; x_wconf 90' lang='lat' dir='ltr'>Amyclis.</span> 
     </span>
     <span class='ocr_line' id='line_1_29' title="bbox 148 1939 1339 1994; baseline -0.003 -12"><span class='ocrx_word' id='word_1_173' title='bbox 148 1944 333 1994; x_wconf 82' lang='lat' dir='ltr'>Aegaeon</span> <span class='ocrx_word' id='word_1_174' title='bbox 362 1942 499 1992; x_wconf 88' lang='lat' dir='ltr'>qualis,</span> <span class='ocrx_word' id='word_1_175' title='bbox 530 1945 688 1979; x_wconf 90' lang='lat' dir='ltr'>centum</span> <span class='ocrx_word' id='word_1_176' title='bbox 717 1941 779 1978; x_wconf 92' lang='lat' dir='ltr'>cui</span> <span class='ocrx_word' id='word_1_177' title='bbox 807 1940 986 1978; x_wconf 89' lang='lat' dir='ltr'>bracchia</span> <span class='ocrx_word' id='word_1_178' title='bbox 1015 1939 1151 1978; x_wconf 90' lang='lat' dir='ltr'>dicunt</span> <span class='ocrx_word' id='word_1_179' title='bbox 1263 1942 1339 1979; x_wconf 89' lang='lat'>565</span> 
     </span>
     <span class='ocr_line' id='line_1_30' title="bbox 149 2004 1228 2057; baseline -0.003 -12"><span class='ocrx_word' id='word_1_180' title='bbox 149 2012 410 2057; x_wconf 87' lang='lat' dir='ltr'>centenasque</span> <span class='ocrx_word' id='word_1_181' title='bbox 439 2018 589 2052; x_wconf 87' lang='lat' dir='ltr'>manus,</span> <span class='ocrx_word' id='word_1_182' title='bbox 620 2004 908 2055; x_wconf 81' lang='lat' dir='ltr'>quinquaginta</span> <span class='ocrx_word' id='word_1_183' title='bbox 937 2004 1068 2042; x_wconf 90' lang='lat' dir='ltr'>oribus</span> <span class='ocrx_word' id='word_1_184' title='bbox 1097 2004 1228 2054; x_wconf 87' lang='lat' dir='ltr'>ignem</span> 
     </span>
    </p>
   </div>
  </div>
 </body>
</html>
