1429 2220
425 532 467 571 P.
499 531 724 570 VERGILI
752 530 1004 569 MARONIS

371 651 1064 716 AENEIDOS

490 795 654 833 LIBER
681 795 943 835 DECIMUS.

120 968 315 1007 Panditur
333 969 484 1007 interea
504 968 643 1007 domus
664 968 945 1019 omnipotentis
967 967 1137 1019 Olympi,

120 1033 404 1083 conciliumque
416 1038 540 1071 vvocat
559 1032 692 1071 divom
712 1037 826 1083 pater
845 1038 963 1083 atque
983 1032 1188 1070 hominum
1209 1045 1279 1070 rex

120 1097 311 1135 sideream
330 1097 371 1134 in
393 1097 534 1144 sedem,
558 1102 682 1135 terras
702 1097 809 1135 unde
829 1097 975 1135 arduus
995 1097 1123 1135 omnis

120 1167 322 1212 castraque
341 1161 615 1200 Dardanidum
635 1166 810 1212 aspectat
828 1162 1071 1212 populosque
1091 1161 1263 1199 Latinos.

120 1226 330 1265 considunt
349 1226 463 1264 tectis
483 1226 765 1276 bipatentibus,
787 1226 926 1276 incipit
946 1226 1048 1276 ipse:
1291 1226 1315 1262 5

123 1290 346 1337 ‘caelicolae
367 1291 509 1341 magni,
533 1291 719 1340 quianam
739 1290 936 1329 sententia
955 1290 1067 1328 vobis

120 1368 233 1394 versa
252 1360 357 1393 retro
378 1360 612 1404 tantumque
633 1355 774 1392 animis
794 1355 953 1393 certatis
972 1355 1143 1405 iniquis‘l

121 1420 334 1458 abnueram
354 1419 457 1458 bello
477 1419 635 1458 Italiam
655 1432 885 1458 concurrere
905 1419 1076 1458 Teucris.

121 1497 220 1535 quae
241 1488 377 1522 contra
396 1484 565 1522 vetitum
586 1483 808 1522 discordia?
838 1484 926 1534 quis
945 1489 1075 1522 metus
1095 1490 1164 1522 aut
1184 1484 1255 1523 hos

121 1553 190 1588 aut
209 1548 280 1587 hos
300 1562 407 1587 arma
426 1548 537 1598 sequi
557 1549 782 1599 ferrumque
802 1549 989 1587 lacessere
1009 1550 1157 1587 suasim
1269 1551 1318 1588 10

121 1613 307 1652 adveniet
325 1613 474 1651 iustum
495 1626 661 1663 pugnae,
683 1626 731 1650 ne
752 1613 947 1659 arcessite,
969 1618 1137 1664 tempus,

117 1667 211 1715 'cum
231 1677 313 1715 fera
333 1676 540 1727 Karthago
560 1676 749 1715 Romanis
769 1677 923 1716 arcibus
943 1678 1037 1716 olim

123 1741 289 1780 exitium
308 1754 496 1792 magnum
515 1745 633 1791 atque
652 1741 775 1792 Alpes
795 1742 974 1780 inmittet
994 1747 1149 1792 apertas
1165 1757 1172 1781 :

122 1811 209 1844 tum
229 1810 376 1844 certare
397 1805 510 1853 odiis,
532 1810 616 1843 tum
637 1818 699 1843 res
719 1806 893 1856 rapuisse
913 1806 1056 1844 licebit.

122 1883 226 1909 nunc
246 1870 363 1908 sinite
384 1875 423 1908 et
444 1869 631 1920 placitum
651 1870 744 1908 laeti
765 1870 988 1920 componite
1008 1870 1170 1909 foedus.'
1269 1871 1318 1909 15

175 1934 356 1985 Iuppiter
375 1933 469 1972 haec
491 1934 625 1984 paucis
638 1950 649 1982 3
677 1939 718 1972 at
737 1947 817 1972 non
839 1934 974 1972 Venus
994 1948 1111 1973 aurea
1131 1938 1267 1973 contra

124 2012 246 2049 pauca
266 1999 386 2036 refert
401 2014 408 2037 ε

294 2059 320 2091 δ’
