1429 2220
105 118 146 148 28
449 117 485 149 P.
516 117 713 149 VERGILI
736 117 953 150 MARONIS

105 218 244 263 stagna
272 213 377 251 viam
406 212 600 261 scindens,
631 226 766 252 umero
787 214 1054 264 supereminet
1073 214 1200 253 undas
1221 215 1296 253 765

105 281 175 315 aut
203 277 368 315 summis
396 277 568 316 referens
597 291 783 317 annosam
814 279 1016 317 montibus
1045 292 1186 317 ornum

103 341 409 393 ingrediturque
439 342 522 380 solo
552 348 592 380 et
621 348 739 393 caput
767 343 872 381 inter
900 343 1038 382 nubila
1066 343 1226 382 condit:

102 406 193 445 talis
222 420 261 445 se
290 407 413 445 vastis
443 407 564 445 infert
592 407 812 446 Mezentius
842 408 970 446 armis.

102 471 192 509 huic
222 476 359 510 contra
386 471 552 519 Aeneas,
585 472 807 522 speculatus
834 473 876 510 in
905 472 1059 523 agmine
1087 472 1215 523 longo,

102 536 241 574 obvius
270 536 325 574 ire
354 541 477 586 parat.
536 542 670 574 manet
698 537 975 587 inperterritus
1003 536 1079 584 ille,
1220 537 1297 576 770

100 600 257 639 hostem
285 601 581 652 magnanimum
611 601 829 651 opperiens,
860 605 900 639 et
928 601 1030 639 mole
1059 615 1129 640 sua
1157 606 1262 650 stat3

102 670 221 716 atque
251 665 373 704 oculis
403 666 575 715 spatium
605 678 797 712 emensus,
820 670 1012 716 quantum
1032 666 1128 704 satis
1146 665 1294 713 hastae,

103 730 269 768 ‘dextra
297 730 395 767 mihi
425 729 521 768 deus
551 735 590 768 et
620 730 754 777 telum,
786 730 891 780 quod
920 730 1067 768 missile
1095 729 1210 778 libro,

101 808 205 833 nunc
235 794 388 833 adsint!
419 808 543 833 voveo
572 794 782 844 praedonis
811 807 971 844 corpore
1000 794 1123 844 raptis

100 859 288 897 indutum
317 859 452 910 spoliis
481 860 611 910 ipsum
640 863 690 906 te,
721 858 861 906 Lause,
892 864 1099 909 tropaeum
1218 860 1294 897 775

100 922 284 962 Aeneae.’
339 922 444 961 dixit
472 923 785 974 stridentemque
814 923 967 962 eminus
995 923 1150 961 hastam

99 987 192 1026 iecit
207 1002 217 1035 3
247 992 288 1026 at
316 987 384 1026 illa
413 987 551 1026 volans
581 988 706 1038 clipeo
737 992 797 1026 est
826 1000 989 1026 excussa
1016 986 1231 1037 proculque

100 1052 302 1103 egregium
332 1052 513 1090 Antoren
542 1051 646 1090 latus
675 1052 780 1090 inter
809 1056 848 1090 et
867 1051 936 1089 ilia
964 1051 1059 1102 figit,

102 1116 287 1155 Herculis
317 1117 497 1154 Antoren
527 1116 721 1163 comitem,
753 1115 821 1166 qui
850 1116 991 1153 missus
1021 1116 1069 1154 ab
1096 1115 1214 1167 Argis

99 1180 282 1219 haeserat
310 1180 497 1218 Euandro
526 1187 644 1230 atque
674 1179 777 1218 Itala
807 1179 1036 1218 consederat
1064 1180 1170 1218 urbe.
1217 1180 1293 1219 780

99 1244 292 1283 sternitur
320 1244 460 1283 infelix
488 1244 616 1283 alieno
645 1244 804 1283 volnere
835 1244 1063 1294 caelumque

99 1309 239 1359 aspicit
267 1313 307 1347 et
336 1308 460 1347 dulcis
489 1309 659 1347 moriens
687 1307 951 1346 reminiscitur
978 1308 1115 1358 Argos.

98 1378 185 1411 tum
213 1372 302 1423 pius
331 1373 487 1411 Aeneas
515 1372 670 1410 hastam
699 1372 818 1410 iacit:
847 1371 915 1409 illa
943 1385 1013 1422 per
1040 1371 1174 1410 orbem

99 1451 187 1476 aere
216 1450 356 1475 cavum
385 1437 544 1487 triplici,
574 1450 643 1487 per
671 1436 776 1474 linea
804 1441 916 1487 terga
944 1436 1148 1486 tribusque

98 1501 257 1539 transiit
284 1501 486 1539 intextum
514 1501 638 1539 tauris
667 1513 764 1551 opus
792 1500 947 1550 imaque
976 1499 1079 1538 sedit
1215 1500 1290 1540 785

97 1565 270 1616 inguine,
303 1565 371 1604 sed
400 1565 496 1603 viris
524 1565 632 1603 haud
661 1564 834 1615 pertulit.
893 1563 999 1603 ocius
1029 1577 1160 1602 ensem

97 1631 266 1677 Aeneas,
298 1630 382 1668 viso
412 1629 610 1679 Tyrrheni
640 1629 830 1679 sanguine
859 1628 994 1676 laetus,

97 1696 216 1745 eripit
244 1708 267 1733 a
293 1694 439 1733 femine
469 1698 508 1732 et
537 1693 754 1743 trepidanti
781 1692 956 1731 fervidus
983 1692 1117 1731 instat.

97 1759 291 1810 ingemuit
319 1758 397 1796 cari
426 1758 601 1809 graviter
628 1757 818 1808 genitoris
844 1769 984 1804 amore,

97 1829 143 1862 ut
171 1823 284 1869 vidit,
314 1822 478 1868 Lausus,
499 1821 762 1870 lacrimaeque
791 1833 861 1870 per
889 1833 957 1858 ora
984 1819 1153 1859 volutae.
1212 1821 1288 1860 790

96 1887 159 1926 hic
188 1886 326 1925 mortis
355 1886 476 1924 durae
506 1898 638 1923 casum
666 1889 814 1934 tuaque
844 1884 994 1934 optima
1022 1884 1134 1932 facta,

97 1952 209 2002 siqua
236 1950 354 1989 fidem
382 1955 496 1988 tanto
525 1954 585 1987 est
613 1949 722 1999 operi
748 1948 877 1986 latura
904 1953 1092 1994 vetustas,

96 2028 176 2055 non
205 2014 387 2065 equidem
415 2027 486 2052 nec
515 2019 564 2059 te,
595 2013 749 2051 iuvenis
776 2011 1039 2059 memorande,
1070 2011 1204 2051 silebo.
