1429 2220
489 117 589 150 AEN
592 116 730 149 EIDOS
755 116 841 148 LIB.
870 115 913 147 X.
1260 114 1295 144 11

109 220 119 237 ‘
133 215 239 267 quod
260 215 364 253 votis
385 214 562 264 optastis,
585 213 707 259 adest⁷
729 213 972 262 perfringere
993 210 1136 248 dextra
1154 225 1161 248 ι

106 281 148 318 in
167 280 348 318 manibus
367 279 475 317 Mars
495 278 589 328 ipse,
611 278 695 315 viri.
755 290 858 315 nunc
879 275 1052 326 coniugis
1073 280 1156 313 esto
1225 275 1299 312 280

108 345 273 395 quisque
292 357 384 382 suae
403 343 577 393 tectique
597 355 756 388 memor,
779 354 884 379 nunc
904 353 1046 391 magna
1064 339 1209 377 referto

107 408 220 454 facta,
241 413 400 458 patrum
420 406 565 445 laudes.
625 406 729 444 ultro
750 418 996 444 occurramus
1017 403 1067 442 ad
1086 403 1245 448 undam,

109 473 203 511 dum
223 472 380 522 trepidi,
401 472 641 522 egressisque
662 470 798 508 labant
817 469 983 520 vestigia
1003 469 1137 519 prima.

109 537 290 575 audentis
310 536 487 574 Fortuna
505 536 640 582 iuvat‚'

109 601 203 639 haec
223 601 278 639 ait
297 605 336 638 et
355 613 486 639 secum
505 605 648 646 versat,
671 612 768 650 quos
790 599 930 637 ducere
952 603 1088 636 contra
1226 599 1300 634 285

109 665 171 703 vel
190 665 331 715 quibus
351 665 526 703 obsessos
546 664 670 714 possit
690 663 922 702 concredere
943 675 1085 700 muros.

161 729 318 785 Interea
335 729 490 767 Aeneas
506 728 629 766 socios
649 728 698 766 de
719 727 915 778 puppibus
936 726 1026 764 altis

109 794 297 844 pontibus
317 793 490 844 exponit.
549 792 663 830 multi
685 805 838 830 servare
857 804 1036 829 recursus

110 858 332 909 languentis
352 858 478 908 pelagi
499 862 538 895 et
557 857 743 895 brevibus
764 869 803 894 se
824 855 981 894 credere
1001 854 1116 901 saltu,

110 937 180 974 per
198 936 324 961 remos
344 922 421 960 alii.
480 921 702 972 speculatus
721 921 838 959 litora
857 920 1049 966 Tarchon,
1228 920 1303 956 290

111 1001 189 1037 qua
206 987 309 1025 vada
327 1000 406 1024 non
426 986 577 1036 spirant
596 999 666 1024 nec
686 985 810 1023 fracta
829 988 1094 1023 remurmurat
1113 982 1229 1031 unda,

111 1050 180 1089 sed
198 1064 304 1088 mare
324 1050 560 1088 inoffensum
579 1049 767 1087 crescenti
788 1048 987 1087 adlabitur
1006 1053 1129 1098 aestu,

112 1115 285 1154 advertit
305 1114 435 1152 subito
455 1127 612 1164 proram
632 1114 832 1164 sociosque
852 1117 1034 1163 precatur
1052 1128 1059 1151 :

115 1184 123 1200 ‘
136 1193 250 1226 nunc,
269 1193 290 1217 o
309 1179 410 1217 lecta
430 1191 579 1225 manus,
601 1178 743 1216 validis
762 1177 978 1215 incumbite
998 1176 1114 1215 remis
1129 1192 1139 1225 3

113 1243 251 1290 tollite,
272 1243 372 1281 ferte
392 1247 496 1281 rates
510 1257 520 1290 3
548 1242 747 1280 inimicam
768 1241 906 1279 findite
926 1241 1065 1279 rostris
1228 1242 1302 1278 295

112 1307 212 1346 hanc
231 1312 387 1353 terram,
409 1306 638 1356 sulcumque
659 1305 733 1343 sibi
752 1310 906 1356 premat
925 1305 1010 1355 ipsa
1030 1305 1171 1343 carina.

112 1371 290 1422 frangere
309 1384 380 1409 nec
399 1370 470 1408 tali
489 1370 653 1420 puppim
673 1370 843 1408 statione
863 1382 999 1407 recuso

112 1442 268 1487 arrepta
287 1436 426 1474 tellure
447 1435 589 1473 semel.'
645 1447 744 1484 quae
765 1433 860 1472 talia
880 1438 1088 1484 postquam

113 1502 251 1540 effatus
271 1500 462 1546 Tarchon,
483 1498 578 1537 socii
597 1511 829 1548 consurgere
849 1498 974 1536 tonsis

113 1563 409 1615 spumantisque
428 1568 532 1601 rates
552 1563 655 1601 arvis
674 1562 818 1600 inferre
837 1562 1000 1609 Latinis,
1229 1563 1305 1599 300

113 1629 236 1673 donec
255 1633 383 1666 rostra
401 1632 540 1666 tenent
559 1627 704 1665 siccum
723 1631 763 1665 et
782 1626 918 1664 sedere
938 1626 1093 1664 carinae

113 1706 248 1732 omnes
267 1693 466 1739 innocuae,
488 1691 557 1729 sed
576 1704 655 1729 non
675 1691 819 1741 puppis
838 1695 918 1737 tua,
941 1690 1132 1728 Tarchon.

112 1770 281 1807 namque
300 1756 449 1794 inflicta
468 1755 592 1801 vadis,
614 1755 728 1792 dorso
750 1754 843 1792 dum
863 1754 1012 1804 pendet
1030 1754 1167 1804 iniquo

112 1834 253 1871 anceps
273 1824 496 1858 sustentata
514 1819 583 1857 diu
602 1819 822 1868 fluctusque
840 1819 991 1869 fatigat,

113 1885 280 1923 solvitur
298 1889 416 1934 atque
436 1883 541 1921 viros
560 1882 699 1920 mediis
720 1882 884 1932 exponit
902 1882 944 1920 in
964 1882 1081 1920 undis
1094 1897 1105 1929 3
1229 1884 1303 1920 305

112 2012 217 2050 ultro
237 2011 388 2049 animos
407 2010 513 2049 tollit
532 2010 647 2048 dictis
666 2016 784 2060 atque
803 2011 980 2060 increpat
999 2010 1105 2048 ultro
1229 2011 1276 2050 27
1282 2013 1304 2047 8
