1429 2220
447 111 688 144 AENEIDos
713 111 798 142 ΠΒ.
827 110 870 142 x.
904 112 948 155 ς
1216 110 1255 140 19

838 169 866 186 s

65 223 152 248 cum
181 214 315 248 tamen
343 209 515 259 ingentis
544 192 960 266 Rutulorum‘linquis
989 218 1156 243 acervos.

118 274 202 313 Nec
230 275 309 312 iam
336 273 441 311 fama
468 272 562 310 mali
591 271 705 317 tanti,
737 267 806 319 §ed
836 271 977 309 certior
1005 274 1141 308 auctor
1180 270 1256 307 510

66 338 226 378 advolat
253 338 423 382 Aeneae,
454 337 565 375 tenui
594 337 819 374 discrimine
848 335 917 374 leti

66 416 148 441 esse
177 415 278 450 suos,
308 401 432 439 versis
461 407 616 451 tempus
645 412 867 438 succurrere
897 399 1066 437 Teucris.

65 467 244 518 proxima
273 479 451 516 quaeque
479 465 595 504 metit
623 465 758 515 gladio
788 464 992 514 latumque
1022 476 1090 513 per
1118 475 1257 513 agmen

65 530 206 569 ardens
226 529 395 568 limitem
425 530 507 580 agit
535 529 650 574 ferro,
681 533 731 576 te,
763 528 905 573 Turne,
937 527 1147 577 superbum

66 594 182 633 caede
211 607 315 632 nova
343 606 544 644 quaerens.
603 592 743 638 Pallas,
765 591 959 638 Euander,
986 591 1028 628 in
1057 590 1151 640 ipsis
1180 592 1255 627 515

66 659 198 696 omnia
226 663 321 696 sunt
349 657 481 706 oculis,
513 670 681 704 mensae,
713 670 809 706 quas
839 656 991 694 advena
1018 655 1164 705 primas

66 728 160 761 tunc
188 723 297 769 adiit,
328 722 544 772 dextraque
574 721 700 759 datae.
760 720 946 759 Sulmone
976 725 1125 758 creatos

66 776 253 837 quattuor
280 787 343 824 hic
372 786 544 833 iuvenes,
575 785 754 831 totidem,
785 798 883 835 quos
912 784 1053 822 educat
1082 784 1217 830 Ufens,

66 851 236 890 viventis
265 851 380 901 rapit,
411 850 570 888 inferias
599 863 696 900 quos
725 849 904 887 immolet
931 849 1082 886 umbris

67 916 300 966 captivoque
328 915 413 965 rogi
442 914 654 964 perfundat
682 914 872 964 sanguine
900 914 1086 951 flammas.
1182 914 1258 950 520

67 979 159 1017 inde
187 979 307 1029 Mago
336 977 470 1028 procul
498 978 693 1015 infensam
722 977 979 1015 contenderat
1007 976 1171 1014 hastam.

67 1043 133 1081 ille
162 1047 252 1080 astu
279 1042 397 1089 subit,
427 1046 468 1080 at
495 1041 747 1079 tremibunda
775 1041 1000 1091 supervolat
1027 1040 1151 1089 hasta,

68 1112 108 1146 et
135 1120 263 1158 genua
291 1106 531 1157 amplectens
560 1107 702 1144 effatur
729 1105 826 1144 talia
854 1106 1046 1156 supplex:

71 1176 164 1222 ‘per
181 1172 330 1221 patrios
358 1171 485 1208 manis
515 1175 554 1208 et
583 1183 671 1220 spes
700 1170 896 1221 surgentis
926 1170 1004 1208 Iuli

67 1242 108 1275 te
126 1249 262 1287 precor
281 1235 381 1273 hanc
401 1235 572 1273 animam
592 1248 722 1273 serves
741 1239 939 1285 gnatoque
958 1234 1149 1285 patrique.
1183 1236 1258 1272 525

69 1306 129 1339 est
156 1300 295 1339 domus
324 1299 413 1346 alta,
444 1299 575 1337 iacent
601 1299 759 1349 penitus
788 1298 942 1336 defossa
970 1298 1120 1337 talenta

69 1364 207 1403 caelati
236 1364 401 1415 argenti,
431 1368 524 1401 sunt
552 1363 638 1400 auri
665 1362 842 1413 pondera
870 1363 963 1400 facti

69 1428 279 1478 infectique
308 1428 416 1465 mihi.
473 1441 553 1465 non
581 1427 644 1464 hic
673 1426 837 1464 victoria
866 1426 1061 1464 Teucrum

70 1493 238 1532 vertitur
266 1497 335 1530 aut
363 1492 493 1530 anima
519 1505 599 1529 una
627 1491 739 1529 dabit
768 1491 994 1528 discrimina
1023 1491 1159 1529 tanta.’

70 1558 235 1596 dixerat.
293 1557 447 1595 Aeneas
476 1562 612 1594 contra
640 1555 702 1593 cui
730 1555 825 1593 talia
853 1554 1007 1593 reddit:
1184 1556 1260 1592 530

75 1621 247 1672 ‘argenti
275 1626 394 1671 atque
423 1620 507 1658 auri
534 1632 726 1657 memoras
755 1632 854 1669 quae
883 1618 1009 1656 multa
1036 1618 1197 1664 talenta,

71 1685 199 1736 gnatis
229 1698 351 1736 parce-
370 1685 460 1722 tuis.
519 1684 613 1722 belli
642 1683 872 1722 commercia
902 1683 1058 1721 Turnus

71 1750 232 1788 sustulit
258 1750 336 1787 ista
362 1749 470 1799 prior
498 1749 575 1786 iam
604 1754 690 1786 tum
718 1748 897 1786 Pallante
926 1753 1140 1798 perempto.

71 1814 144 1853 hoc
174 1814 296 1864 patris
324 1813 519 1851 Anchisae
548 1825 693 1858 manes,
723 1812 797 1850 hoc
825 1811 948 1850 sentit
977 1811 1110 1849 Iulus.'

73 1878 126 1916 sic
154 1878 259 1916 fatus
287 1877 437 1928 galeam
465 1877 577 1915 laeva
597 1881 714 1914 <tenet
743 1881 861 1926 atque
890 1876 1035 1914 reflexa
1184 1879 1259 1914 535

73 1942 221 1980 cervice
249 1941 398 1980 orantis
426 1940 564 1991 capulo
592 1945 708 1978 tenus
737 1940 907 1990 applicat
935 1953 1077 1978 ensem.

72 2018 144 2044 nec
171 2005 307 2056 procul
336 2003 612 2050 Haemonides,
642 2004 794 2042 Phoebi
823 2004 1042 2053 Trivaeque
1070 2003 1248 2042 sacerdos
