1429 2220
504 93 742 126 AENEIDOS
766 93 853 124 LIB.
882 92 924 124 X.
1268 92 1304 123 3]

120 191 256 241 pulsus
285 190 335 228 ob
363 189 555 228 invidiam
585 188 681 227 solio
710 188 952 239 sceptrisque
980 186 1164 238 paternis.

120 254 333 292 debueram
362 254 512 304 patriae
541 266 685 303 poenas
715 252 892 302 odiisque
922 265 1120 290 meorum:

120 318 247 356 omnis
275 331 346 368 per
373 318 512 355 mortis
541 317 712 355 animam
741 321 895 354 sontem
924 316 1006 366 ipse
1037 315 1254 353 dedissem!

118 395 222 419 nunc
234 382 325 420 vivo
338 395 465 432 neque
478 381 605 422 adhuc
618 381 796 418 homines
808 380 1013 429 lucemque
1026 379 1216 429 relinquo.
1233 380 1306 416 855

118 445 185 484 sed
214 445 416 496 linquam.'
473 446 588 484 simul
618 445 690 483 hoc
719 445 854 483 dicens
884 444 1032 483 attollit
1061 444 1102 482 in
1132 456 1290 494 aegrum

117 523 158 547 se
186 510 314 548 femur
342 517 391 556 et,
424 523 661 560 quamquam
690 509 749 547 vis
778 509 858 547 alto
887 508 1045 547 volnere
1075 508 1218 554 tardat,

58 575 61 578 ⁴
117 573 223 612 haud
253 573 426 612 deiectus
457 587 566 612 ecum
596 574 683 612 duci
713 574 833 611 iubet.
861 584 865 586 ’
893 573 966 611 hoc
995 573 1111 611 decus
1140 572 1208 618 illi,

116 638 189 676 hoc
218 638 391 677 solamen
420 643 527 685 erat3
565 638 676 676 bellis
706 638 778 676 hoc
809 638 934 676 victor
962 637 1096 675 abibat

117 703 306 741 omnibus.
366 697 594 753 adloquitur
613 708 853 740 maerentem
875 707 914 740 et
934 702 1078 739 talibus
1097 702 1198 740 infit:
1231 703 1306 739 860

117 767 311 815 ‘Rhaebe,
342 767 422 814 diu,
451 781 513 805 res
543 767 655 817 siqua
684 767 753 805 diu
781 766 1012 804 mortalibus
1042 766 1121 803 ulla
1150 771 1219 812 est,

115 831 295 870 viximus.
355 837 423 870 aut
452 831 568 869 hodie
598 831 724 869 victor
752 831 877 880 spolia
904 830 973 868 illa
1002 830 1155 868 cruenti

114 900 154 933 et
182 901 299 946 caput
328 897 485 934 Aeneae
513 896 656 934 referes
684 895 882 945 Lausique
912 893 1091 933 dolorum

114 959 219 997 ultor
247 960 322 998 eris
350 973 503 998 mecum
532 964 612 1006 aut,
642 960 768 1009 aperit
796 959 829 996 si
857 958 966 996 nulla
994 959 1098 996 viam
1127 958 1196 1004 vis,

113 1023 318 1061 occumbes
339 1023 487 1074 pariter
494 1038 504 1071 ;
533 1036 661 1073 neque
681 1023 796 1069 enim,
819 1023 1042 1068 fortissime,
1065 1022 1190 1070 credo,
1227 1024 1302 1061 865

113 1087 216 1125 iussa
243 1087 371 1125 aliena
400 1087 483 1137 pati
512 1091 551 1125 et
579 1087 760 1125 dominos
788 1086 1001 1137 dignabere
1030 1086 1224 1124 Teucros'

112 1151 216 1189 dixit
245 1157 285 1189 et
313 1156 500 1201 exceptus
529 1155 640 1202 tergo
670 1156 855 1189 consueta
883 1151 1028 1189 locavit

111 1215 286 1253 membra
314 1228 532 1265 manusque
561 1215 694 1253 ambas
723 1215 857 1253 iaculis
887 1214 1066 1253 oneravit
1094 1215 1230 1262 acutis,

111 1292 198 1317 aere
227 1284 344 1329 caput
370 1279 525 1329 fulgens
553 1279 748 1329 cristaque
777 1279 953 1316 hirsutus
982 1279 1134 1329 equina.

111 1343 164 1381 sic
177 1356 331 1381 cursum
347 1344 390 1381 in
405 1343 554 1381 medios
570 1343 729 1392 rapidus
746 1343 874 1381 dedit:
896 1348 1049 1381 aestuat
1065 1343 1204 1393 ingens
1225 1344 1302 1381 870

110 1419 189 1445 uno
217 1407 259 1444 in
288 1407 403 1445 corde
431 1407 559 1457 pudor
587 1407 792 1457 mixtoque
821 1407 974 1444 insania
1003 1407 1122 1445 luctu.

110 1475 228 1520 atque
256 1470 320 1508 hic
348 1471 511 1509 Aenean
539 1484 682 1521 magna
709 1476 771 1508 ter
798 1484 891 1509 voce
920 1471 1085 1509 vocavit.

109 1534 264 1572 Aeneas
294 1535 456 1585 agnovit
486 1535 590 1572 enim
618 1535 822 1584 laetusque
850 1540 1056 1585 precatur:

113 1598 187 1636 ‘sic
215 1603 328 1648 pater
355 1599 421 1637 ille
450 1599 568 1637 deum
597 1599 726 1646 faciat,
757 1599 811 1637 sic
840 1599 942 1637 altus
971 1599 1126 1649 Apollo,
1224 1601 1298 1638 875

110 1661 272 1713 incipias
301 1663 476 1701 conferre
504 1663 686 1701 manum.⁷

109 1731 266 1764 tantum
294 1728 433 1765 effatus
462 1732 500 1765 et
528 1727 672 1764 infesta
700 1727 807 1765 subit
836 1727 975 1765 obvius
1004 1728 1126 1766 hasta.

108 1790 174 1828 ille
202 1796 333 1830 autem
365 1790 485 1841 ‘quid
512 1804 574 1829 me
603 1796 749 1841 erepto,
780 1792 1014 1839 saevissime,
1045 1797 1139 1830 nato

109 1857 259 1894 terres?
286 1855 381 1894 haec
410 1855 475 1893 via
504 1855 586 1893 sola
613 1855 700 1902 fuit,
732 1868 810 1905 qua
837 1855 1000 1905 perdere
1031 1863 1170 1905 posses.

1275 1985 1296 2020 10

108 1987 148 2020 et
176 1982 288 2020 furiis
317 1983 489 2032 agitatus
517 1995 627 2020 amor
655 1988 696 2020 et
723 1982 876 2020 conscia
906 1983 1041 2020 virtus.
1221 1983 1268 2020 87
