1429 2220
454 122 694 155 AENEIDOS
719 122 805 154 LIB.
833 122 876 153 X.
1225 122 1262 155 17

70 221 166 260 tolle
186 219 337 258 minas'
391 220 496 258 fatus
516 219 691 257 medium
710 218 888 268 procedit
907 218 949 255 in
969 230 1126 268 aequor.

69 284 235 335 frigidus
256 284 475 322 Arcadibus
495 284 574 322 coit
592 283 634 321 in
653 282 882 333 praecordia
901 282 1070 333 sanguis.

70 348 232 387 desiluit
251 348 408 386 Turnus
428 348 585 399 biiugis,
606 347 725 398 pedes
746 351 909 397 apparat
928 347 985 384 ire

72 413 288 451 comminus
302 427 312 460 3
341 418 462 463 utque
482 412 554 459 leo,
577 412 733 462 specula
753 425 841 449 cum
861 411 965 449 vidit
985 411 1033 449 ab
1054 410 1135 449 alta

71 482 175 516 stare
188 476 324 527 procul
339 477 485 527 campis
500 476 761 515 meditantem
775 476 814 513 in
831 476 979 526 proelia
995 480 1164 522 taurum,
1187 476 1261 512 455

72 541 232 580 advolat
250 557 256 579 :
285 541 392 579 haud
412 541 489 579 alia
507 546 567 579 est
586 541 710 578 Turni
729 540 925 578 venientis
945 540 1084 590 imago.

71 605 175 644 hunc
195 605 262 644 ubi
283 606 512 656 contiguum
531 605 672 643 missae
691 605 774 643 fore
795 604 963 643 credidit
982 604 1127 650 hastae,

71 668 128 706 ire
148 669 254 719 prior
274 669 415 715 Pallas,
438 669 550 719 siqua
570 669 649 706 fors
669 668 830 706 adiuvet
851 681 988 706 ausum

71 732 222 771 viribus
241 732 459 783 inparibus,
481 746 746 784 magnumque
766 733 823 771 ita
843 733 891 770 ad
913 733 1073 770 aethera
1092 732 1219 770 fatur:

73 801 166 847 ‘per
183 794 307 847 patris
326 797 543 847 hospitium
565 802 604 835 et
623 810 789 845 mensas,
811 810 906 847 quas
927 796 1078 835 adve'na
1099 797 1227 845 adisti,

72 866 111 899 te
131 874 277 911 precor,
299 861 450 909 Alcide,
473 862 622 912 coeptis
641 861 870 912 ingentibus
891 862 1004 899 adsis.
1188 863 1264 899 460

73 930 208 964 cernat
227 926 411 965 semineci
432 927 505 965 sibi
525 940 587 964 me
607 939 743 976 rapere
763 939 870 964 arma
891 931 1054 964 cruenta

72 991 340 1040 victoremque
358 991 490 1028 ferant
508 991 719 1029 morientia
737 990 887 1028 lumina
907 990 1055 1028 Turni.'

73 1054 200 1093 audiit
219 1054 380 1093 Alcides
399 1055 583 1093 iuvenem
602 1068 868 1105 magnumque
890 1055 962 1093 sub
982 1055 1061 1092 imo

73 1118 188 1158 corde
200 1119 346 1169 premit
357 1120 549 1170 gemitum
562 1118 820 1169 lacrimasque
835 1118 1005 1156 effundit
1017 1119 1162 1157 inanes.
1188 1121 1263 1157 465

73 1189 160 1222 tum
178 1183 332 1235 genitor
351 1189 488 1221 natum
509 1183 625 1221 dictis
645 1183 802 1221 adfatur
821 1183 955 1221 amicis
972 1198 979 1221 :

76 1251 178 1287 ‘stat
196 1261 266 1286 sua
284 1248 424 1298 cuique
444 1247 540 1294 dies,
561 1249 679 1286 breve
700 1253 739 1286 et
758 1247 1019 1298 inreparabile
1039 1252 1195 1299 tempus

74 1312 257 1351 omnibus
277 1318 337 1350 est
355 1312 484 1350 vitae:
514 1311 583 1350 sed
603 1312 747 1350 samam
768 1312 981 1351 extendere
1001 1312 1127 1360 factis,

73 1376 147 1415 hoc
174 1377 334 1415 virtutis
364 1389 473 1427 opus.
531 1376 672 1414 Troiae
701 1376 774 1415 sub
803 1377 1010 1415 moenibus
1039 1377 1129 1415 altis

73 1445 135 1479 tot
162 1440 273 1492 gnati
303 1440 476 1479 cecidere
505 1440 645 1489 deum3
685 1440 780 1491 quin
810 1441 955 1479 occidit
982 1454 1063 1479 una
1189 1443 1266 1480 470

75 1504 289 1555 Sarpedon,
319 1517 407 1543 mea
435 1505 652 1555 progenies.
711 1504 829 1542 etiam
858 1518 928 1543 sua
955 1506 1133 1543 Turnum

74 1569 157 1607 fata
183 1574 338 1615 vocant,
368 1573 572 1619 metasque
601 1569 684 1607 dati
712 1569 894 1619 pervenit
922 1569 973 1607 ad
1001 1570 1110 1608 aevi.'

74 1633 129 1672 sic
157 1633 213 1671 ait
241 1637 359 1683 atque
388 1632 518 1671 oculos
547 1633 787 1671 Rutulorum
814 1633 927 1671 reicit
955 1633 1066 1671 arvis

75 1702 116 1735 at
135 1696 266 1735 Pallas
293 1697 446 1747 magnis
475 1697 624 1734 emittit
652 1697 804 1735 viribus
831 1697 985 1736 hastam

74 1761 295 1812 vaginaque
324 1774 418 1799 cava
445 1760 663 1811 fulgentem
693 1760 839 1811 deripit
867 1774 1010 1799 ensem.
1189 1763 1265 1800 475

74 1825 143 1863 illa
169 1825 306 1863 volans
334 1824 462 1863 umeri
491 1830 659 1875 surgunt
687 1838 764 1875 qua
792 1825 970 1875 tegmina
998 1838 1151 1864 summa

75 1889 214 1928 incidit
242 1894 361 1940 atque
389 1889 494 1927 viam
523 1889 636 1939 clipei
665 1889 802 1927 molita
830 1903 900 1940 per
928 1903 1014 1928 oras

16 1989 19 1991 .
75 1953 238 1992 tandem
267 1953 386 1991 etiam
413 1966 557 2003 magno
586 1952 749 1990 strinxit
777 1953 825 1991 de
855 1966 1016 2003 corpore
1045 1953 1181 1991 Turni.

75 2017 138 2056 hic
166 2017 325 2056 Turnus
353 2017 458 2055 ferro
486 2017 704 2067 praefixum
733 2017 853 2055 robur
882 2023 997 2056 acuto
