1429 2220
101 136 122 166 4
444 132 481 166 P.
511 133 711 165 VERGILI
736 134 927 166 MARONI
932 135 954 167 S

101 230 162 268 cui
182 229 389 268 Pilumnus
409 243 515 276 avus,
539 231 598 268 cui
619 230 711 268 diva
732 230 887 269 Venilia
908 236 1054 269 mater:

101 294 197 345 quid
216 294 299 332 face
319 294 508 332 Troianos
529 299 613 332 atra
633 294 712 332 vim
732 295 834 333 ferre
853 294 1018 341 Latinis,

100 373 194 398 arva
214 359 341 397 aliena
359 359 451 409 iugo
471 372 647 409 premere
670 364 788 409 atque
809 365 985 398 avertere
1004 359 1196 410 praedas?

100 424 195 474 quid
215 436 367 461 soceros
386 422 516 474 legere
536 427 575 461 et
594 423 753 474 gremiis
772 422 966 462 abducere
985 429 1130 473 pactas,

100 502 234 540 pacem
255 501 364 527 orare
384 500 515 534 manu,
539 488 751 539 praefigere
771 487 971 538 puppibus
991 489 1127 526 arma?
1245 488 1296 525 80

99 559 142 592 tu
163 558 276 604 potes
296 553 460 591 Aenean
480 552 662 590 manibus
682 551 899 590 subducere
920 552 1084 590 Graium

100 630 250 668 proque
270 617 355 655 viro
374 617 562 655 nebulam
582 622 622 654 et
641 621 781 655 ventos
802 616 1018 655 obtendere
1037 616 1176 664 inanis,

100 688 139 720 et
159 688 272 734 potes
293 682 333 719 in
353 681 522 719 totidem
543 681 704 719 classem
722 686 949 719 convertere
969 681 1188 731 nymphas:

99 761 169 785 nos
191 746 339 797 aliquid
360 746 530 784 Rutulos
550 750 688 783 contra
707 745 851 783 iuvisse
870 745 1086 783 nefandum
1106 747 1191 784 est‘l

101 816 123 832 “
136 812 290 850 Aeneas
309 811 469 861 ignarus
490 810 601 848 abest
614 809 632 825 ''
649 825 656 848 ε
676 811 837 861 ignarus
858 815 898 848 et
918 810 1029 848 absit.
1245 811 1294 847 85

98 881 158 914 est
176 875 336 925 Paphus
358 874 609 924 Idaliumque
629 873 717 921 tibi,
739 881 833 912 sunt
853 874 933 912 alta
953 873 1152 924 Cythera:

97 940 193 990 quid
213 939 419 990 gravidam
437 938 551 976 bellis
571 938 710 976 urbem
730 943 769 976 et
789 938 907 976 corda
927 951 1064 988 aspera
1084 939 1280 989 temptas?

97 1018 219 1043 nosne
239 1004 313 1041 tibi
334 1003 460 1041 fluxas
481 1002 678 1053 Phrygiae
698 1015 760 1040 res
779 1007 933 1041 vertere
953 1002 1077 1041 fundo

98 1071 313 1108 conamur(l
371 1081 454 1114 nos,
478 1080 527 1105 an
547 1067 711 1105 miseros
732 1067 801 1117 qui
821 1067 942 1105 Troas
963 1066 1126 1104 Achivis

97 1133 270 1172 obiecit?
300 1145 400 1183 quae
421 1145 536 1170 causa
555 1131 642 1179 fuit,
665 1144 899 1182 consurgere
918 1130 960 1168 in
980 1144 1088 1169 arma
1245 1131 1295 1167 90

99 1198 374 1247 Europamque
396 1196 613 1246 Asiamque
634 1200 674 1234 et
694 1195 854 1234 foedera
873 1195 1024 1234 solvere
1043 1195 1179 1233 furto‘l

97 1275 159 1300 me
181 1261 279 1300 duce
298 1260 527 1299 Dardanius
548 1260 730 1310 Spartam
754 1259 1000 1310 expugnavit
1019 1259 1186 1305 adulter,

96 1332 165 1365 aut
186 1339 258 1377 ego
278 1325 357 1364 tela
377 1325 470 1364 dedi
490 1325 621 1363 fovive
642 1325 825 1374 cupidine
845 1324 974 1362 bella?

95 1398 181 1429 tum
202 1390 334 1429 decuit
353 1389 541 1428 metuisse
562 1390 642 1427 tuis
660 1404 666 1427 :
695 1402 801 1427 nunc
821 1402 906 1427 sera
926 1387 1111 1439 querellis

95 1456 201 1494 haud
221 1455 335 1493 iustis
356 1454 534 1504 adsurgis
555 1458 595 1492 et
614 1454 733 1491 inrita
752 1453 878 1504 iurgia
896 1451 1040 1491 iactas.'
1244 1454 1293 1490 95

149 1519 312 1558 Talibus
332 1519 470 1557 orabat
491 1518 601 1565 Iuno,
625 1518 835 1567 cunctique
854 1517 1077 1555 fremebant

95 1584 298 1622 caelicolae
320 1583 488 1621 adsensu
509 1582 630 1629 vario,
654 1595 721 1620 ceu
745 1582 906 1620 flamina
924 1581 1052 1632 prima

95 1662 184 1687 cum
205 1648 398 1699 deprensa
417 1647 593 1685 fremunt
614 1647 723 1684 silvis
745 1652 784 1684 et
804 1659 916 1684 caeca
935 1646 1117 1684 volutant

94 1725 308 1759 murmura,
331 1716 521 1750 venturos
542 1711 674 1749 nautis
693 1710 904 1761 prodentia
923 1715 1073 1748 ventos.

93 1783 180 1816 tum
200 1782 314 1827 pater
333 1775 596 1826 omnipotens,
618 1787 749 1812 rerum
768 1774 831 1812 cui
851 1774 978 1824 prima
998 1778 1184 1824 potestas,
1218 1774 1293 1811 100

93 1842 205 1890 infit3
236 1854 281 1879 eo
303 1841 457 1878 dicente
479 1840 598 1877 deum
618 1839 757 1876 domus
778 1838 858 1876 alta
878 1838 1023 1876 silescit

93 1912 133 1945 et
154 1905 384 1944 tremefacta
404 1904 486 1942 solo
506 1903 633 1950 tellus,
657 1903 746 1941 silet
765 1902 911 1941 arduus
932 1902 1077 1948 aether,

93 1976 181 2009 tum
202 1969 376 2020 Zephyri
397 1981 573 2019 posuere,
595 1968 741 2018 premit
759 1967 915 2018 placida
934 1979 1103 2016 aequora
1123 1971 1290 2016 pontus:

95 2040 104 2056 ‘
120 2034 284 2085 accipite
304 2046 396 2084 ergo
417 2032 557 2070 animis
578 2037 695 2082 atque
715 2031 809 2069 haec
829 2044 916 2069 mea
935 2031 1042 2081 figite
1063 2030 1179 2068 dicta.
