1429 2220
131 158 174 188 24
475 157 511 189 P.
540 156 741 189 VERGILI
765 157 980 189 MARONIS

132 253 321 302 expositis
351 253 481 290 stabat
510 253 622 290 scalis
651 257 691 290 et
718 258 838 303 ponte
868 258 1016 303 parato,

131 330 208 366 qua
236 329 307 354 rex
336 316 508 355 Clusinis
538 316 724 354 advectus
754 316 913 354 Osinius
942 318 1029 356 oris.
1249 319 1324 358 655

131 380 206 418 huc
235 394 317 418 sese
347 380 501 430 trepida
529 380 686 419 Aeneae
714 381 901 431 fugientis
929 381 1058 432 imago

131 445 274 483 conicit
302 445 343 482 in
373 444 542 483 latebras
558 461 566 492 3
595 458 666 483 nec
697 445 855 483 Turnus
885 446 1042 495 segnior
1071 446 1193 484 instat

131 514 419 560 exsuperatque
448 523 576 547 moras
606 514 644 547 et
671 510 803 559 pontis
833 510 1003 547 transilit
1034 510 1145 549 altos.

131 578 199 615 vix
227 590 384 627 proram
414 577 626 627 attigerat:
656 577 804 626 rumpit
834 575 1019 614 Saturnia
1047 577 1181 615 funem

131 642 383 692 avolsamque
412 641 517 691 rapit
545 641 725 679 revoluta
752 653 823 690 per
851 653 1022 690 aequora
1050 654 1202 680 navem.
1248 643 1325 680 660

130 706 242 744 illum
271 710 402 744 autem
432 705 588 743 Aeneas
617 705 820 743 absentem
851 705 891 741 in
921 704 1069 755 proelia
1096 706 1245 755 poscit:

132 770 248 808 obvia
275 770 401 808 multa
429 770 559 807 Virum
589 769 766 807 demittit
794 782 957 818 corpora
985 770 1129 808 morti:

130 839 217 873 tum
245 834 343 872 levis
371 833 477 872 haud
507 833 612 871 ultra
639 833 810 871 latebras
839 833 917 870 iam
947 834 1102 883 quaerit
1130 834 1271 885 imago,

131 899 200 937 sed
229 898 396 937 sublime
425 898 562 936 volans
591 898 688 935 nubi
718 910 757 935 se
786 897 988 935 inmiscuit
1017 902 1149 937 atrae:

132 977 220 1002 cum
248 963 427 1001 Turnum
457 962 587 1000 medio
616 962 768 999 interea
796 962 872 999 fert
901 974 1069 1011 aequore
1098 962 1227 1001 turbo.
1248 963 1324 1000 665

131 1028 290 1079 respicit
318 1028 476 1077 ignarus
505 1039 636 1064 rerum
663 1026 919 1076 ingratusque
948 1025 1084 1063 salutis

133 1098 172 1131 et
201 1091 368 1142 duplicis
396 1104 484 1129 cum
512 1103 607 1129 voce
635 1103 774 1128 manus
804 1089 852 1127 ad
882 1089 1011 1128 sidera
1038 1089 1178 1128 tendit.
1371 1081 1373 1084 ⁵

135 1156 409 1206 ‘omnipotens
437 1155 602 1206 genitor,
634 1159 773 1192 tanton
802 1167 864 1191 me
893 1154 1055 1192 crimine
1083 1154 1246 1205 dignum
1363 1085 1398 1250 '

135 1221 286 1259 duxisti
315 1225 355 1258 ct
383 1219 474 1257 talis
503 1219 663 1257 voluisti
692 1218 914 1269 expendere
945 1220 1115 1268 poenas?
1364 1266 1367 1271 λ

134 1299 212 1336 quo
251 1285 386 1323 feror?
419 1283 525 1322 unde
563 1283 669 1321 abii?
700 1296 799 1333 quae
838 1296 900 1321 me
933 1283 1028 1334 fuga
1067 1295 1233 1333 quemve
1271 1296 1326 1321 re-

347 1348 485 1386 ducit?
1249 1348 1326 1385 670

134 1413 395 1452 Laurentisne
425 1413 567 1450 iterum
596 1424 728 1449 muros
758 1416 827 1449 aut
856 1417 982 1450 castra
1009 1411 1180 1450 videbo?
1363 1399 1366 1405 ⁴

134 1479 230 1530 quid
259 1491 398 1516 manus
426 1477 494 1514 illa
522 1476 661 1523 virum,
685 1477 751 1526 qui
781 1490 843 1514 me
869 1489 1032 1526 meaque
1053 1489 1160 1514 arma
1179 1476 1326 1514 secuti?
1360 1483 1365 1531 ,j

135 1556 284 1595 quosne
314 1542 456 1593 (nefas)
487 1541 614 1579 omnis
643 1541 806 1579 infanda
834 1541 875 1578 in
904 1546 1031 1579 morte
1060 1540 1201 1590 reliqui
1357 1533 1429 1639 .

135 1614 175 1646 et
202 1621 308 1646 nunc
337 1606 507 1657 palantis
537 1605 652 1643 video
682 1605 952 1655 gemitumque
981 1605 1193 1643 cadentum

135 1672 308 1722 accipio}
358 1669 452 1720 quid
500 1671 601 1719 ago‘l
640 1674 709 1706 aut
751 1682 850 1719 quae
890 1669 968 1707 iam
1011 1668 1105 1706 satis
1146 1668 1226 1706 ima
1263 1667 1326 1706 de·
1359 1716 1362 1718 Ι

347 1735 474 1772 hiscat
1248 1732 1323 1771 675

136 1807 241 1839 terra
268 1799 393 1837 mihi?
419 1810 490 1836 vos
518 1811 540 1836 o
569 1798 701 1848 potius
729 1797 977 1845 miserescite,
1009 1797 1144 1836 venti:

136 1866 177 1903 in
205 1877 333 1914 rupes,
363 1863 404 1900 in
434 1875 529 1900 saxa
557 1861 708 1911 (volens
736 1875 806 1900 vos
835 1861 990 1899 Turnus
1019 1860 1154 1911 adoro)
1354 1897 1359 1910 ι

137 1930 236 1968 ferte
264 1932 390 1966 ratem
418 1927 621 1976 saevisque
649 1925 760 1964 vadis
787 1926 978 1964 inmittite
1007 1925 1138 1976 syrtiS,
1183 1916 1186 1917 ⁷

138 2007 214 2045 quo
243 2005 370 2042 neque
398 2005 460 2029 me
489 1991 629 2029 Rutuli
657 2004 727 2028 nec
756 1990 909 2029 conscia
936 1990 1041 2028 fama
1068 1989 1278 2040 sequatur.‘
1351 1918 1417 2075 μ

139 2059 232 2096 haec
288 2069 508 2095 memorans
555 2055 685 2093 animo
731 2067 835 2093 nunc
880 2054 967 2099 huc,
1016 2067 1120 2092 nunc
1161 2053 1326 2091 fluctuat

354 2120 455 2165 mue,
1248 2117 1325 2154 680
1346 2107 1429 2220 ‘s
