1429 2220
477 108 716 141 AENEIDOS
742 109 830 141 LIB.
857 110 899 142 X.
1280 115 1298 144 53

105 203 338 242 incolumem
358 205 583 252 Ascanium,
605 205 722 244 liceat
740 219 942 256 superesse
963 213 1156 258 nepotem.

104 269 258 309 Aeneas
278 283 371 309 sane
391 270 538 321 ignotis
559 271 727 310 iactetur
745 272 787 309 in
807 272 924 310 undis

104 339 154 381 et,
176 347 464 385 quamcumque
483 335 588 373 viam
610 335 765 374 dederit
785 336 972 384 Fortuna,
995 341 1204 387 sequatur:

104 399 207 437 hunc
227 403 357 450 tegere
378 403 419 438 et
438 399 547 438 dirae
568 400 719 438 valeam
741 400 955 439 subducere
975 414 1140 452 pugnae.
1249 403 1298 439 50

76 508 78 510 ¹
103 468 162 501 est
182 464 393 511 Amathus,
416 469 475 503 est
495 464 597 503 celsa
617 465 714 502 mihi
735 465 895 515 Paphus
915 470 1033 516 atque
1055 465 1228 516 Cythera

103 527 330 578 Idaliaeque
350 528 490 567 domus
507 544 513 567 :
542 529 682 579 positis
701 529 893 580 inglorius
914 530 1032 567 armis

103 593 237 643 exigat
255 593 318 631 hic
338 606 488 632 aevum.
547 607 690 644 magna
709 593 863 632 dicione
883 594 1018 632 iubeto

104 657 309 708 Karthago
330 662 482 708 premat
502 657 723 696 Ausoniam
740 673 746 696 :
776 658 877 696 nihil
896 659 1059 697 urbibus
1079 658 1172 697 inde

103 721 277 760 obstabit
296 721 436 771 Tyriis.
495 722 591 772 quid
610 726 762 772 pestem
783 722 948 760 evadere
968 722 1062 761 belli
1249 725 1298 760 55

103 786 265 824 iuvit‘et
284 786 488 835 Argolicos
509 786 683 824 medium
703 786 849 837 fugisse
870 799 939 836 per
958 786 1068 837 ignes

103 855 240 901 totque
260 850 380 888 maris
400 854 614 900 vastaeque
635 850 828 889 exhausta
848 850 1022 901 pericula
1042 856 1179 898 terrae,

103 914 199 953 dum
219 914 375 953 Latium
397 914 536 952 Teucri
555 914 808 964 recidivaque
828 914 1017 965 Pergama
1039 917 1262 965 quaerunt?

103 990 183 1015 uon
203 977 325 1014 satius
346 976 494 1014 cineres
514 976 665 1026 patriae
685 976 874 1015 insedisse
894 990 1096 1027 supremos

103 1045 221 1091 atque
242 1040 379 1087 solum,
402 1053 479 1090 quo
500 1040 618 1079 Troia
636 1041 740 1079 fuiti
795 1041 1001 1079 Xanthum
1023 1046 1062 1080 et
1083 1041 1287 1080 Simoenta

103 1104 234 1151 redde,
257 1118 336 1151 oro,
358 1104 511 1143 miseris
531 1105 754 1155 iterumque
775 1105 977 1144 revolvere
998 1119 1108 1144 casus
1251 1108 1295 1144 61

104 1170 164 1218 da,
185 1174 308 1220 pater,
331 1169 471 1208 Iliacos
491 1170 674 1208 Teucris.'
730 1175 816 1208 tum
837 1171 945 1221 regia
965 1171 1065 1208 Iuno

105 1239 190 1273 acta
208 1234 339 1273 furore
357 1234 467 1285 gravi
489 1238 497 1254 ‘
514 1234 610 1284 quid
630 1248 692 1272 me
712 1235 793 1272 alta
813 1235 969 1273 silentia
989 1235 1095 1286 cogis

104 1311 283 1349 rumpere
303 1302 343 1336 et
362 1298 577 1336 obductum
597 1298 726 1336 verbis
747 1298 905 1349 volgare
925 1299 1101 1337 dolorem
1118 1300 1130 1337 2

106 1364 268 1401 Aenean
287 1362 489 1401 hominum
513 1362 724 1412 quisquam
744 1362 955 1413 divomque
976 1364 1133 1413 subegit
1250 1366 1299 1402 65

105 1427 208 1466 bella
227 1427 338 1477 sequi
358 1431 426 1465 aut
445 1426 600 1464 hostem
621 1427 703 1477 regi
725 1440 764 1465 se
785 1427 930 1465 inferre
950 1427 1094 1465 Latino
1112 1429 1125 1466 ’.ἰ

106 1492 264 1530 Italiam
282 1491 400 1541 petiit
418 1491 511 1528 fatis
532 1491 767 1538 auctoribus,
791 1496 885 1537 esto,

106 1555 349 1595 Cassandrae
369 1555 548 1605 inpulsus
567 1555 698 1592 furiis:
728 1568 823 1593 num
842 1555 1020 1605 linquere
1041 1560 1167 1593 castra

105 1620 253 1658 hortati
274 1633 410 1658 sumus
431 1624 497 1657 aut
517 1619 643 1657 vitam
663 1620 910 1657 committere
930 1620 1071 1667 ventis,

105 1698 201 1723 num
222 1697 344 1735 puero
365 1697 559 1722 summam
579 1683 684 1731 belli,
706 1697 802 1722 num
823 1683 981 1722 credere
1002 1697 1134 1722 muros
1151 1686 1162 1722 2
1252 1687 1300 1722 70

106 1748 431 1799 Tyrrhenamque
447 1748 576 1795 fidem,
595 1752 664 1786 aut
683 1748 813 1799 gentis
833 1748 981 1799 agitare
1002 1749 1182 1798 quietas?

106 1813 193 1864 quis
213 1813 308 1851 deus
328 1813 369 1851 in
388 1812 579 1860 fraudem,
602 1825 701 1863 quae
722 1812 821 1851 dura
841 1813 1020 1863 potentia
1038 1818 1173 1851 nostra

107 1878 212 1928 egit?
230 1877 298 1915 ubi
318 1877 379 1915 hic
401 1878 503 1915 Iuno
524 1877 742 1915 demissave
762 1877 935 1915 nubibus
955 1877 1031 1915 Iris
1048 1879 1060 1915 ’.ἰ

107 1941 314 1992 indignum
335 1946 394 1979 est
415 1941 537 1979 Italos
556 1941 714 1979 Troiam
736 1941 975 1986 circumdare
996 1941 1162 1979 fiammis

107 2010 332 2044 nascentem
352 2010 392 2044 et
411 2006 539 2055 patria
559 2006 737 2043 Turnum
758 2006 969 2044 consistere
991 2011 1105 2052 terra,
1251 2008 1299 2043 75
