1429 2220
507 101 605 133 AEN
609 99 745 132 EIDOS
770 99 857 130 LIB.
885 99 928 129 X.
1272 98 1314 128 29

122 198 189 236 ille
216 197 357 248 pedem
386 197 557 235 referens
587 201 626 234 et
654 195 806 233 inutilis
835 195 954 244 inque
983 193 1127 243 ligatus

123 262 285 300 cedebat
313 262 513 312 clipeoque
542 260 746 298 inimicum
775 258 917 297 hastile
945 257 1154 295 trahebat:
1238 257 1312 294 795

121 326 302 376 prorupit
329 325 484 363 iuvenis
514 337 675 374 seseque
708 323 911 361 inmiscuit
939 322 1056 360 armis

122 390 277 440 iamque
306 389 555 440 adsurgentis
585 388 727 426 dextra
754 387 989 438 plagamque
1017 385 1179 424 ferentis

122 454 279 493 Aeneae
308 454 431 492 subiit
460 466 687 491 mucronem
716 452 924 502 ipsumque
953 449 1144 488 morando

122 518 320 557 sustinuit.
380 518 474 556 socii
504 531 647 568 magno
677 516 845 554 clamore
874 520 1070 561 secuntur,

122 583 218 621 dum
245 583 400 633 genitor
429 582 512 620 nati
543 595 680 632 parma
708 585 908 631 protectus
938 579 1074 625 abiret,
1238 579 1314 617 800

122 646 278 697 telaque
307 646 508 684 coniciunt
537 645 856 696 proturbantque
886 644 1038 682 eminus
1066 643 1221 681 hostem

122 710 347 756 missilibus.
406 710 503 747 furit
532 710 686 747 Aeneas
716 714 923 758 tectusque
952 712 1063 745 tenet
1091 719 1140 745 se.

122 788 165 813 ac
193 774 304 812 velut
333 775 454 812 effusa
484 774 516 811 si
546 773 705 823 quando
734 771 926 823 grandine
956 771 1081 809 nimbi

122 838 394 889 praecipitant,
424 837 550 876 omnis
579 837 724 887 campis
753 836 910 886 diffugit
939 840 1069 873 arator

122 902 248 941 omnis
277 907 318 940 et
345 901 526 952 agricola,
558 906 598 939 et
627 906 717 939 tuta
745 900 844 938 latet
872 912 958 938 arce
987 899 1125 945 viator,
1238 900 1313 936 805

122 971 191 1004 aut
219 965 345 1004 amnis
373 965 469 1015 ripis
498 969 566 1002 aut
594 964 664 1002 alti
692 964 838 1002 fornice
868 962 963 1009 saxi,

122 1029 216 1068 dum
243 1029 348 1079 pluit
377 1029 417 1066 in
447 1029 574 1075 terris,
604 1033 651 1066 ut
678 1028 831 1078 possint
860 1027 940 1065 sole
969 1026 1129 1065 reducto

122 1106 302 1132 exercere
330 1092 458 1131 diem:
488 1093 542 1130 sic
571 1093 736 1130 obrutus
765 1091 941 1141 undique
970 1091 1058 1129 telis

121 1157 276 1195 Aeneas
304 1156 451 1194 nubem
481 1156 584 1202 belli,
616 1156 712 1194 dum
741 1156 906 1193 detonet
935 1155 1073 1201 omnis,

122 1221 291 1259 sustinet
310 1225 350 1258 et
368 1220 542 1258 Lausum
562 1220 774 1270 increpitat
794 1219 1003 1269 Lausoque
1019 1219 1216 1256 minatur:
1239 1219 1315 1256 810

125 1289 223 1335 ‘quo
251 1284 444 1322 moriture
473 1284 555 1322 ruis
584 1284 810 1333 maioraque
838 1283 990 1321 viribus
1019 1282 1165 1320 audes?

122 1348 224 1387 fallit
251 1353 292 1386 te
321 1348 525 1386 incautum
554 1348 680 1398 pietas
710 1347 802 1385 tua.'
858 1361 929 1385 nec
957 1346 1086 1384 minus
1114 1345 1181 1384 ille

123 1412 277 1451 exultat
306 1412 492 1458 demens;
521 1425 659 1450 saevae
688 1412 845 1461 iamque
875 1411 991 1449 altius
1020 1410 1100 1448 irae

123 1476 324 1514 Dardanio
353 1481 520 1526 surgunt
549 1475 714 1522 ductori,
745 1481 1000 1525 extremaque
1028 1474 1156 1512 Lauso

123 1540 267 1578 Pareae
287 1540 352 1577 fila
371 1539 510 1590 legunt
529 1555 536 1578 2
556 1539 734 1577 validum
752 1552 923 1589 namque
944 1538 1068 1588 exigit
1087 1551 1219 1576 ensem
1240 1539 1314 1575 815

123 1618 193 1655 per
220 1603 395 1642 medium
423 1603 579 1641 Aeneas
607 1603 791 1641 iuvenem
819 1608 1027 1652 totumque
1056 1602 1242 1640 recondit.

123 1668 282 1706 transiit
311 1673 349 1705 et
378 1681 554 1718 parmam
582 1680 727 1714 mucro,
756 1667 859 1705 levia
887 1680 994 1704 arma
1022 1666 1194 1713 minacis,

124 1737 164 1770 et
191 1732 377 1777 tunicam,
408 1731 517 1769 molli
546 1736 673 1769 mater
701 1744 819 1781 quam
847 1735 1011 1769 neverat
1039 1743 1145 1776 auro,

124 1796 381 1846 implevitque
410 1796 539 1833 sinum
569 1795 726 1845 sanguis
751 1811 761 1843 3
790 1800 877 1832 tum
906 1795 989 1832 vita
1017 1807 1088 1844 per
1115 1807 1228 1832 auras

125 1861 315 1899 concessit
342 1865 491 1898 maesta
520 1859 569 1897 ad
599 1859 726 1897 manis
755 1872 974 1909 corpusque
1003 1858 1171 1908 reliquit.
1241 1859 1317 1895 820

125 1929 165 1963 at
192 1938 285 1963 vero
314 1929 359 1962 ut
387 1924 540 1962 voltum
569 1924 671 1961 vidit
698 1924 901 1961 morientis
930 1928 970 1961 et
998 1936 1075 1970 ora,

125 2001 192 2027 ora
219 1988 346 2026 modis
376 1987 635 2026 Anchisiades
663 1987 854 2037 pallentia
882 1987 1003 2034 miris,
