1429 2220
477 111 717 143 AENEIDOS
743 110 828 142 LIB.
856 110 900 142 X.
1246 111 1285 142 15

95 213 136 247 at
163 222 267 247 nunc
295 209 395 247 dura
423 208 534 246 dedit
563 207 673 245 vobis
702 206 928 244 discrimina
955 206 1107 244 Pallas:

94 286 187 311 nam
213 273 299 320 tibi,
329 273 542 323 Thymbre,
569 276 686 321 caput
714 270 938 309 Euandrius
967 270 1131 308 abstulit
1159 271 1261 308 ensis
1275 285 1285 318 3

94 341 134 375 te
163 337 292 375 decisa
320 350 445 383 suum,
476 336 629 382 Laride,
662 335 826 373 dextera
855 334 1009 385 quaerit
1209 336 1283 372 395

94 402 417 451 semianimesque
446 401 593 439 micant
621 400 737 451 digiti
765 400 991 449 ferrumque
1019 402 1244 437 retractant.

92 465 266 503 Arcadas
295 478 474 503 accensos
503 465 657 502 monitu
686 468 725 501 et
754 463 952 514 praeclara
980 463 1128 500 tuentis

92 529 196 568 facta
224 530 299 567 viri
328 529 477 567 mixtus
507 529 618 567 dolor
646 533 685 566 et
713 528 840 578 pudor
870 532 996 565 armat
1024 527 1065 564 in
1094 527 1228 565 hostis.

92 597 178 631 tum
207 593 335 631 Pallas
364 593 507 643 biiugis
536 592 755 643 fugientem
784 591 964 630 Rhoetea
992 595 1148 641 praeter

93 657 232 696 traicit.
289 657 363 696 hoc
387 658 558 707 spatium
581 661 814 706 tantumque
838 668 969 694 morae
993 656 1069 693 fuit
1095 655 1154 693 Ilo
1168 669 1179 703 3
1209 656 1284 693 400

91 721 151 760 Ilo
180 735 348 772 namque
377 721 513 772 procul
542 720 714 759 validam
744 720 951 758 derexerat
979 719 1144 766 hastam,

91 799 209 836 quam
231 775 389 824 'medius
419 785 619 824 Rhoeteus
648 784 861 834 intercipit,
894 783 1040 834 optime
1070 783 1256 829 Teuthra,

91 854 130 887 te
158 850 311 900 fugiens
340 850 580 899 fratremque
609 849 754 899 Tyren,
785 861 977 898 curruque
1006 847 1166 885 volutus

91 913 218 952 caedit
245 914 484 952 semianimis
513 913 754 951 Rutulorum
783 912 951 950 calcibus
981 925 1083 950 arva.

90 991 133 1016 ac
161 977 270 1016 velut
298 983 433 1028 optato
463 977 592 1015 ventis
621 981 770 1015 aestate
799 976 944 1014 coortis
1206 977 1283 1013 405

89 1042 266 1093 dispersa
293 1042 463 1080 inmittit
492 1041 601 1079 silvis
629 1040 812 1079 incendia
832 1045 966 1091 pastor
980 1055 990 1088 3

90 1106 277 1157 correptis
306 1106 437 1144 subito
467 1105 607 1144 mediis
637 1105 867 1143 extenditur
894 1118 973 1142 una

88 1170 249 1208 horrida
276 1183 346 1220 per
373 1170 474 1208 latos
503 1169 604 1208 acies
633 1169 824 1208 Volcania
853 1181 1009 1218 campos
1023 1182 1033 1215 3

88 1234 154 1272 ille
182 1234 321 1273 sedens
350 1234 477 1272 victor
505 1234 682 1271 flammas
712 1233 914 1283 despectat
944 1232 1124 1271 ovantis:
1184 1224 1187 1226 ¹

88 1312 167 1337 non
196 1298 310 1337 aliter
339 1299 486 1337 socium
514 1298 641 1336 virtus
670 1297 749 1336 coit
777 1297 904 1336 omnis
932 1297 973 1334 in
1003 1310 1126 1334 unum
1207 1298 1283 1334 410

87 1367 204 1413 teque
234 1362 355 1409 iuvat,
387 1362 506 1400 Palla.
565 1361 635 1400 sed
663 1361 776 1400 bellis
806 1375 892 1400 acer
922 1361 1116 1400 Halaesus

88 1426 218 1465 tendit
244 1427 286 1464 in
316 1426 499 1465 adversos
530 1439 647 1476 seque
675 1426 716 1464 in
746 1439 816 1464 sua
844 1425 994 1476 colligit
1023 1439 1140 1464 arma.

87 1490 150 1528 hic
177 1495 324 1529 mactat
351 1490 514 1529 Ladona
541 1490 789 1541 Pheretaque
818 1489 1178 1540 Demodocumque,

87 1554 314 1604 Strymonio
344 1554 526 1592 dextram
555 1554 724 1604 fulgenti
753 1553 900 1604 deripit
929 1567 1020 1592 ense

86 1618 229 1657 elatam
257 1619 299 1656 in
327 1618 515 1669 iugulum,
547 1631 641 1656 saxo
669 1618 762 1656 ferit
791 1632 859 1657 ora
887 1618 1081 1656 Thoantis
1205 1619 1282 1654 415

86 1695 248 1733 ossaque
278 1682 462 1732 dispersit
490 1682 648 1720 cerebro
678 1682 877 1733 permixta
905 1687 1078 1720 cruento.

76 1747 168 1785 ,fata
196 1759 338 1785 canens
368 1746 476 1784 silvis
506 1746 663 1796 genitor
691 1746 837 1784 celarat
867 1746 1105 1784 Halaesum:

86 1815 130 1848 ut
159 1811 288 1849 senior
316 1810 395 1848 leto
426 1810 608 1848 canentia
636 1810 787 1848 lumina
816 1810 945 1857 solvit,

85 1874 252 1912 iniecere
280 1887 440 1912 manum
469 1874 614 1912 Parcae
643 1874 809 1925 telisque
839 1879 1042 1912 sacrarunt

84 1939 269 1977 Euandri.
329 1952 446 1989 quem
475 1939 528 1976 sic
558 1937 687 1977 Pallas
715 1939 817 1988 petit
846 1943 937 1976 ante
966 1943 1173 1988 precatus:
1205 1939 1281 1976 420

88 2003 160 2040 ‘da
187 2016 302 2049 nunc,
333 2002 484 2052 Thybri
512 2007 634 2052 pater,
666 2002 779 2048 ferro,
812 2002 918 2052 quod
947 2002 1094 2041 missile
1124 2002 1235 2045 libro,
