1429 2220
116 85 158 116 30
462 87 496 118 P.
525 87 724 119 VERGILI
749 87 964 121 MARONIS

115 181 308 230 ingemuit
337 182 526 220 miserans
554 183 728 232 graviter
755 183 1014 234 dextramque
1044 184 1226 232 tetendit,

115 249 155 282 et
184 251 357 283 mentem
387 246 536 296 patriae
565 247 687 284 subiit
715 247 874 297 pietatis
902 249 1041 299 imago.

117 308 230 358 ‘quid
246 310 320 347 tibi
336 323 450 357 nunc,
469 310 688 349 miserande
703 324 811 361 puer,
829 325 898 362 pro
914 312 1096 350 laudibus
1110 312 1207 360 istis,
1229 314 1305 351 825

113 373 209 423 quid
237 374 326 424 pius
355 375 510 413 Aeneas
540 380 652 413 tanta
680 375 791 413 dabit
819 376 951 414 indole
980 376 1170 427 dignum?

113 449 231 484 arma,
263 438 405 487 quibus
435 438 614 485 laetatus,
645 438 745 476 habe
774 444 854 485 tua,
885 445 1002 490 teque
1031 445 1241 490 parentum

112 501 293 539 manibus
323 506 363 540 et
392 502 523 549 cineri,
555 503 666 552 siqua
695 508 754 541 est
782 516 827 541 ea
856 517 957 550 cura,
989 504 1158 543 remitto.

110 563 183 602 hoc
213 570 345 603 tamen
374 566 512 604 infelix
541 567 721 604 miseram
751 567 926 605 solabere
954 573 1144 607 mortem:

111 629 268 667 Aeneae
297 630 430 680 magni
459 630 601 668 dextra
630 631 758 669 eadis.’
815 632 992 682 increpat
1020 632 1125 671 ultro
1227 634 1303 670 830

109 694 331 732 cunctantis
361 695 483 732 socios
513 700 553 733 et
581 700 685 733 terra
713 695 893 734 sublevat
922 697 1061 747 ipsum,

110 758 300 808 sanguine
329 763 558 809 turpantem
587 765 763 809 comptos
792 759 840 798 de
869 774 976 798 more
1005 760 1173 810 capillos.

162 821 319 859 Interea
348 822 504 872 genitor
532 822 707 860 Tiberini
736 823 786 861 ad
815 824 989 862 fluminis
1018 824 1164 862 undam

107 884 269 923 volnera
297 885 467 924 siccabat
494 885 667 936 lymphis
696 900 912 937 corpusque
940 887 1098 926 levabat

107 949 255 987 arboris
285 949 449 987 adclinis
478 954 628 988 trunco.
686 951 821 1000 procul
851 964 963 989 aerea
990 952 1108 989 ramis
1223 954 1298 991 835

106 1012 305 1063 dependet
333 1014 443 1064 galea
472 1019 511 1052 et
540 1019 653 1064 prato
681 1015 818 1064 gravia
845 1028 953 1053 arma
981 1016 1198 1066 quiescunt.

106 1082 215 1114 stant
243 1077 334 1115 lecti
364 1077 509 1115 circum
538 1078 720 1116 iuvenes:
761 1079 843 1128 ipse
872 1092 986 1129 aeger
1013 1079 1201 1118 anhelans

105 1141 204 1179 colla
231 1142 352 1188 fovet,
382 1142 492 1180 fusus
520 1155 736 1192 propexam
765 1142 806 1180 in
836 1148 993 1192 pectore
1021 1143 1182 1182 barbam
1196 1158 1207 1191 3

103 1205 229 1244 multa
257 1219 373 1256 super
402 1205 530 1244 Lauso
559 1207 706 1256 rogitat
734 1206 982 1257 multumque
1010 1208 1181 1246 remittit

104 1270 173 1320 qui
192 1275 378 1308 revocent
398 1270 617 1320 maestique
637 1271 766 1309 ferant
786 1271 974 1309 mandata
992 1272 1178 1321 parentis.
1219 1274 1296 1310 840

103 1339 145 1371 at
173 1334 348 1372 Lausum
376 1335 470 1372 socii
500 1335 721 1372 exanimem
752 1348 870 1385 super
900 1349 1008 1374 arma
1035 1336 1214 1374 ferebant

105 1398 253 1445 flentes,
286 1398 490 1448 ingentem
519 1404 637 1448 atque
665 1399 816 1450 ingenti
846 1399 1004 1438 volnere
1033 1400 1191 1438 victum.

103 1462 293 1513 adgnovit
321 1462 438 1511 longe
467 1463 657 1513 gemitum
686 1477 872 1514 praesaga
900 1464 992 1502 mali
1021 1478 1154 1504 mens:

101 1527 285 1564 canitiem
314 1527 440 1565 multo
470 1527 663 1565 deformat
690 1528 852 1578 pulvere
879 1534 920 1566 et
948 1528 1080 1567 ambas
1224 1574 1227 1576 q

101 1591 151 1629 ad
180 1591 331 1629 caelum
359 1592 491 1630 tendit
520 1591 668 1642 palmas
698 1598 736 1630 et
765 1606 925 1642 corpore
953 1593 1143 1632 inhaeret.
1216 1596 1291 1632 845

103 1660 291 1694 ‘tantane
319 1669 381 1693 me
410 1656 540 1693 tenuit
569 1656 741 1701 vivendi,
772 1662 874 1704 nate,
906 1656 1098 1707 voluptas,

100 1724 145 1757 ut
174 1732 244 1770 pro
273 1733 335 1758 me
364 1719 498 1758 hostili
528 1724 684 1769 paterer
712 1719 917 1758 succedere
946 1720 1119 1768 dextrae,

100 1797 217 1833 quem
237 1784 382 1834 genui?
439 1789 558 1821 tuane
577 1784 671 1822 haec
690 1784 846 1834 genitor
865 1797 935 1834 per
953 1784 1114 1823 volnera
1132 1799 1275 1834 servor,

98 1852 224 1885 morte
253 1852 323 1885 tua
352 1847 517 1885 vivens?
572 1847 659 1894 hen,
690 1861 794 1885 nunc
822 1847 964 1886 misero
992 1848 1091 1886 mihi
1118 1849 1276 1888 demum

99 1911 262 1948 exilium
290 1911 439 1957 infelix,
471 1924 574 1948 nunc
603 1911 681 1948 alte
710 1911 851 1949 volnus
879 1911 1085 1950 adactum!
1213 1915 1290 1951 850

98 1973 204 2012 idem
233 1987 314 2024 ego,
346 1980 449 2021 nate,
480 1979 595 2012 tuum
623 1974 816 2012 maculavi
846 1975 1006 2013 crimine
1035 1989 1189 2024 nomen,
