1429 2220
115 120 155 151 12
455 119 492 151 P.
521 119 722 151 VERGILI
746 119 964 152 MARONIS

113 215 306 266 fragmina
326 228 523 254 remorum
543 229 640 266 quos
660 222 701 254 et
721 217 918 254 fluitantia
938 221 1112 256 transtra

112 279 335 330 impediunt
355 280 601 330 retrahitque
622 280 741 330 pedes
761 280 878 318 simul
897 281 1005 319 unda
1022 281 1212 320 relabens.

165 344 205 382 N
208 358 249 382 ec
269 344 449 383 Turnum
469 345 599 395 segnis
619 345 765 383 retinet
785 358 904 393 mora,
928 345 996 383 sed
1016 345 1120 396 rapit
1139 358 1227 384 acer

113 413 239 447 totam
259 409 381 447 aciem
401 409 442 447 in
463 408 634 447 Teucros
655 414 694 447 et
714 414 851 447 contra
870 409 911 447 in
931 409 1046 448 litore
1066 409 1184 448 sistit.

113 474 224 524 signa
242 477 400 512 canunt.
459 473 609 523 primus
630 478 778 511 turmas
799 474 946 512 invasit
965 474 1129 524 agrestis
1159 507 1166 515 .
1232 475 1308 512 310

113 537 280 585 Aeneas,
303 551 419 576 omen
438 551 603 588 pugnae,
627 538 847 588 stravitque
867 538 1030 576 Latinos

113 603 239 642 occiso
259 603 453 651 Therone,
475 603 604 641 virum
624 603 693 652 qui
712 603 909 641 maximus
929 603 1034 641 ultro

115 668 277 706 Aenean
297 667 421 718 petit:
450 667 541 704 huic
561 667 692 717 gladio
712 680 860 717 perque
881 680 992 705 aerea
1012 671 1111 708 suta,

113 745 182 782 per
201 731 377 770 tunicam
397 731 641 781 squalentem
662 744 756 769 auro
776 731 879 769 latus
898 731 1031 768 haurit
1051 735 1240 781 apertum.

113 796 206 835 inde
226 796 373 833 Lichan
392 795 495 842 ferit,
518 800 720 833 exsectum
741 796 819 833 iam
838 800 965 833 matre
986 800 1189 845 perempta
1232 795 1308 832 315

113 867 153 900 et
173 861 258 907 tibi,
280 860 452 907 Phoebe,
474 873 638 906 sacrum,
659 873 768 898 casus
789 859 955 898 evadere
974 859 1068 898 ferri

113 925 219 976 quod
239 925 351 963 licuit
369 938 501 975 parvo.
560 938 632 963 nec
653 924 768 975 longe
789 924 923 963 Cissea
942 923 1086 962 durum

114 991 404 1039 immanemque
425 989 554 1038 Gyan,
577 988 789 1027 sternentis
810 988 967 1039 agmina
987 988 1097 1026 clava

114 1053 256 1093 deiecit
274 1053 355 1092 leto
372 1069 378 1092 :
408 1053 508 1091 nihil
528 1052 615 1091 illos
636 1052 819 1091 Herculis
839 1066 947 1091 arma

114 1131 184 1156 nec
204 1116 358 1155 validae
378 1116 512 1154 iuvere
533 1129 672 1154 manus
691 1117 925 1167 genitorque
946 1116 1182 1166 Melampus,
1233 1117 1310 1154 320

115 1182 277 1221 Alcidae
298 1194 425 1220 comes
446 1194 568 1231 usque
588 1181 717 1231 gravis
739 1181 833 1218 dum
853 1186 959 1219 terra
978 1181 1132 1219 labores

114 1247 306 1298 praebuit.
365 1259 450 1284 ecce
471 1245 613 1293 Pharo,
635 1259 748 1283 voces
769 1245 866 1283 dum
884 1245 1005 1283 iactat
1024 1245 1174 1291 inertis,

115 1313 346 1362 intorquens
367 1310 537 1348 iaculum
558 1310 744 1348 clamanti
764 1309 870 1347 sistit
889 1309 931 1347 in
952 1322 1027 1348 ore.

115 1382 160 1415 tu
180 1389 346 1427 quoque,
368 1376 581 1413 flaventem
599 1374 728 1424 prima
747 1374 932 1425 lanugine
952 1373 1074 1412 malas

115 1441 209 1480 dum
223 1440 396 1490 sequeris
410 1439 587 1490 Clytium
601 1438 752 1486 infelix,
770 1451 874 1476 nova
887 1438 1042 1489 gaudia,
1058 1437 1209 1488 Cydon,
1233 1439 1309 1475 325

116 1505 317 1544 Dardania
337 1508 484 1542 stratus
504 1503 657 1550 dextra,
679 1515 839 1541 securus
859 1516 1049 1548 amorum,

116 1571 183 1621 qui
203 1570 392 1608 iuvenum
411 1568 485 1606 tibi
506 1581 659 1618 semper
678 1572 802 1613 erant,
823 1566 1044 1605 miserande
1064 1567 1220 1614 iaceres,

115 1635 158 1672 ni
177 1635 341 1672 fratrum
363 1632 510 1682 stipata
530 1632 666 1670 cohors
685 1631 787 1669 foret
807 1631 934 1678 obvia,
956 1630 1098 1669 Phorci

115 1698 320 1750 progenies
337 1713 343 1736 :
374 1702 524 1748 septem
543 1709 719 1743 numero,
741 1700 981 1746 septenaque
1000 1694 1081 1733 tela

117 1763 340 1810 coniciunt3
369 1761 514 1811 partim
535 1760 645 1811 galea
665 1759 867 1810 clipeoque
887 1758 1080 1796 resultant
1234 1758 1311 1795 330

116 1827 246 1873 inrita,
269 1825 432 1865 deflexit
451 1825 597 1875 partim
618 1823 855 1874 stringentia
875 1835 1015 1873 corpus

117 1892 219 1930 alma
237 1891 384 1929 Venus.
444 1889 568 1927 fidum
588 1888 742 1926 Aeneas
763 1887 922 1925 adfatur
941 1886 1120 1924 Achaten
1137 1901 1145 1924 :

119 1961 128 1979 ⁴
144 1968 305 2006 suggere
325 1954 405 1993 tela
423 1953 522 1991 mihi
539 1969 545 1991 :
575 1965 655 1990 non
674 1951 800 1989 ullum
821 1951 986 1989 dextera
1004 1950 1151 1988 frustra

117 2020 275 2059 torserit
295 2019 337 2057 in
358 2018 539 2064 Rutulos,
563 2020 762 2055 steterunt
784 2028 882 2066 quae
903 2015 944 2052 in
965 2027 1124 2065 corpore
1145 2013 1309 2051 Graium
