1429 2220
522 99 761 132 AENEIDOS
785 99 872 131 LIB.
902 100 942 131 X.
1288 99 1330 131 27

139 201 253 247 ‘pars
282 196 375 234 belli
403 195 510 234 haud
538 195 763 242 temnenda,
794 195 880 242 viri,
911 195 1011 233 iacet
1031 195 1133 234 altus
1154 194 1328 233 Orodes.⁷

137 260 383 299 conclamant
411 261 504 298 socii
533 260 682 298 laetum
711 273 859 311 paeana
887 260 1019 298 secuti.

137 324 202 364 ille
230 330 363 363 autem
392 324 575 375 expirans
607 329 710 362 ‘non
738 338 810 372 me,
843 324 1077 374 quicumque
1106 337 1157 371 eS,
1187 323 1326 371 inulto,

136 389 271 436 victor,
303 403 373 428 nec
402 389 564 440 longum
592 389 810 428 laetabere:
840 394 879 427 te
909 402 1066 439 quoque
1094 389 1176 427 fata
1251 391 1327 428 740

135 459 387 505 prospectant
416 454 525 504 paria
554 459 671 504 atque
701 453 839 492 eadem
867 466 961 491 mox
990 467 1084 492 arva
1112 454 1288 492 tenebis'

136 518 186 556 ad
216 532 315 568 quae
345 518 552 556 subridens
581 519 709 556 mixta
738 518 964 556 Mezentius
993 518 1050 556 ira

138 586 266 621 ‘nunc
303 596 462 621 morere.
522 588 583 620 ast
621 582 670 620 de
707 596 769 621 me
799 582 932 621 divom
967 588 1080 634 pater
1113 588 1231 634 atque
1265 583 1329 621 ho—

349 647 502 684 minum
531 660 601 685 rex

136 711 303 749 viderit.²
358 711 432 749 hoc
461 711 593 749 dicens
622 711 762 749 eduxit
790 725 948 762 corpore
979 713 1124 751 telum:

135 774 203 813 olli
232 774 331 814 dura
359 775 469 825 quies
499 775 630 814 oculos
660 782 700 814 et
728 776 877 814 ferreus
908 784 1022 828 urget
1253 778 1327 816 745

135 852 305 886 somnus,
334 839 376 877 in
406 845 605 878 aeternam
635 840 874 878 clauduntur
902 841 1052 879 lumina
1080 845 1245 879 noctem.

189 902 379 942 Caedicus
398 903 638 942 Alcathoum
667 904 887 948 obtruncat,
912 905 1092 944 Sacrator
1113 905 1328 956 Hydaspen

135 967 472 1018 Partheniumque
510 967 621 1017 Rapo
660 973 700 1006 et
735 968 974 1018 praedurum
1008 969 1158 1007 viribus
1191 969 1325 1016 Orsen,

136 1031 341 1082 Messapus
370 1031 636 1082 Croniumque
665 1032 986 1083 Lycaoniumque
1016 1033 1262 1081 Erichaeten,

135 1095 248 1134 illum
276 1096 440 1134 infrenis
469 1097 559 1146 equi
587 1096 700 1146 lapsu
728 1097 868 1135 tellure
896 1097 1098 1142 iacentem,
1252 1099 1328 1136 750

135 1160 238 1198 hunc
266 1160 440 1211 peditem
468 1160 596 1211 pedes.
656 1166 696 1198 et
723 1161 867 1210 Lycius
895 1167 1136 1211 processerat
1164 1162 1274 1212 Agis,

136 1237 254 1274 quem
282 1229 416 1262 tamen
444 1224 550 1262 haud
579 1238 718 1274 expers
747 1225 915 1263 Valerus
945 1225 1104 1264 virtutis
1133 1226 1262 1264 avitae

136 1285 279 1332 deicit;
309 1290 350 1323 at
379 1285 599 1324 Thronium
628 1286 755 1324 Salius
785 1287 1013 1337 Saliumque
1044 1287 1208 1325 Nealces

136 1349 300 1395 insidiis,
330 1349 457 1388 iaculo
487 1355 527 1388 et
555 1350 670 1400 longe
698 1350 861 1388 fallente
890 1351 1044 1401 sagitta.

190 1413 275 1451 Iam
303 1413 433 1464 gravis
462 1414 656 1464 aequabat
684 1414 811 1452 luctus
841 1420 881 1452 et
909 1420 1047 1452 mutua
1074 1415 1234 1453 Mavors
1252 1418 1327 1454 755

136 1478 299 1516 funera:
329 1478 544 1516 caedebant
572 1479 720 1528 pariter
747 1479 972 1529 pariterque
1001 1479 1169 1517 ruebant

138 1542 304 1580 victores
333 1542 517 1592 victique,
549 1555 677 1592 neque
706 1542 766 1580 his
795 1543 888 1593 fuga
916 1548 1010 1581 nota
1038 1556 1164 1593 neque
1192 1543 1279 1582 illis.

138 1605 179 1643 di
208 1606 313 1644 Iovis
341 1606 381 1643 in
412 1606 526 1644 tectis
555 1606 654 1644 iram
682 1607 918 1645 miserantur
946 1607 1105 1645 inanem

139 1670 341 1708 amborum
370 1676 411 1708 et
439 1675 571 1708 tantos
599 1671 832 1708 mortalibus
862 1684 944 1709 csse
972 1671 1150 1710 labores:

137 1734 228 1772 hinc
257 1733 402 1780 Venus,
433 1733 524 1772 hinc
553 1740 690 1772 contra
718 1740 870 1784 spectat
899 1735 1086 1774 Saturnia
1114 1735 1227 1783 Iuno,
1252 1738 1328 1774 760

138 1797 286 1848 pallida
314 1798 530 1849 Tisiphone
559 1799 688 1837 media
717 1799 821 1837 inter
850 1799 959 1838 milia
987 1800 1119 1838 saevit.

139 1867 180 1900 at
206 1875 298 1900 vero
326 1863 529 1913 ingentem
558 1863 741 1912 quatiens
770 1863 992 1901 Mezentius
1023 1864 1177 1902 hastam

138 1926 321 1964 turbidus
349 1926 573 1976 ingreditur
601 1939 748 1977 campo.
808 1940 927 1977 quam
955 1941 1120 1978 magnus
1151 1928 1286 1975 Orion,

139 2002 226 2027 cum
253 1989 372 2038 pedes
399 1989 548 2028 incedit
576 1989 693 2028 medii
723 2003 793 2039 per
822 1990 995 2029 maxima
1023 1990 1142 2030 Nerei
