1429 2220
123 145 164 175 26
468 141 503 172 P.
532 140 730 172 VERGILI
754 140 972 174 MARONIS

121 238 302 277 defendit
330 237 525 275 multosve
553 237 664 286 palus
694 237 917 284 Laurentia,
950 238 1049 276 silva

121 307 257 354 pastus
304 300 561 348 harundinea,
601 306 813 350 postquam
855 301 958 339 inter
1004 302 1105 340 retia
1151 307 1314 342 ventum

333 370 403 412 est,
1237 370 1314 406 710
1371 376 1373 380 ’

119 431 299 470 substitit
325 429 606 479 infremuitque
634 429 746 467 ferox
774 434 814 467 et
842 429 1038 468 inhorruit
1066 444 1206 477 armos,

118 509 190 534 nec
219 496 400 545 cuiquam
429 493 543 531 irasci
571 493 811 543 propiusque
839 493 1020 532 accedere
1050 494 1188 542 virtus,

119 561 187 599 sed
215 559 349 598 iaculis
378 559 553 608 tutisque
582 558 716 608 procul
745 558 980 596 clamoribus
1010 559 1161 598 instant
1175 575 1186 608 3

118 624 184 662 ille
213 629 345 662 autem
374 622 586 672 inpavidus
617 623 740 672 partis
769 627 978 660 cunctatur
1005 623 1046 660 in
1076 624 1214 672 omnis,

118 689 302 727 dentibus
331 686 572 733 infrendens,
603 691 643 724 et
671 691 781 736 tergo
811 686 963 724 decutit
990 687 1122 725 hastas
1145 702 1152 725 :
1236 689 1312 727 715

118 753 224 792 haud
253 753 377 798 aliter,
407 752 533 789 iustae
563 751 704 801 quibus
735 755 794 789 est
824 751 1045 789 Mezentius
1073 752 1164 800 irae,

117 831 196 855 non
229 816 301 855 ulli
330 821 389 854 est
419 816 571 853 animus
601 815 738 853 stricto
767 809 998 854 concurrere
1026 816 1152 864 ferr03

118 881 331 919 missilibus
360 881 476 931 longe
505 885 545 918 et
574 885 685 917 vasto
715 880 883 918 clamore
912 879 1168 929 lacessunt„-

118 950 280 984 venerat
310 945 482 995 antiquis
512 944 678 994 Corythi
708 944 756 982 de
789 944 933 982 finibus
962 944 1107 992 Acron,

118 1010 261 1048 Graius
291 1009 418 1056 homo,
450 1008 615 1046 infectos
645 1008 826 1058 linquens
855 1008 1044 1059 profugus
1063 1009 1309 1059 hymenaeos.

118 1075 221 1113 hunc
250 1074 318 1112 ubi
347 1074 576 1111 miscentem
605 1072 719 1123 longe
748 1072 878 1110 media
906 1073 1062 1123 agmina
1090 1073 1203 1121 vidit,
1237 1074 1308 1112 721

118 1152 357 1190 purpureum
388 1138 519 1188 pinnis
549 1142 587 1175 et
615 1142 752 1187 pactae
782 1137 957 1187 coniugis
987 1143 1120 1176 ostro:

118 1205 296 1254 inpastus
326 1202 482 1240 stabula
510 1201 590 1239 alta
617 1201 678 1239 leo
708 1215 776 1239 ceu
806 1214 919 1250 saepe
949 1214 1160 1252 peragrans

121 1268 277 1320 (suadet
306 1267 411 1305 enim
439 1279 583 1304 vesana
611 1265 762 1315 fames),
793 1265 825 1303 si
853 1265 954 1303 forte
983 1265 1161 1316 fugacem
1235 1268 1310 1305 724

119 1331 325 1382 conspexit
355 1343 531 1380 capream
560 1335 628 1367 aut
658 1334 884 1379 surgentem
913 1330 954 1367 in
975 1343 1118 1368 cornua
1139 1343 1308 1378 cervum,

118 1396 274 1447 gaudet,
306 1395 419 1433 hians
448 1395 629 1440 immane,
661 1407 867 1444 comasque
897 1395 1044 1432 arrexit
1074 1400 1113 1432 et
1141 1395 1276 1433 haeret

118 1460 333 1499 visceribus
362 1473 480 1510 super
508 1459 750 1505 incumbens,
780 1458 879 1496 lavit
907 1459 1073 1509 inproba
1101 1463 1228 1497 taeter

119 1539 187 1564 ora
219 1538 341 1572 cruor,

119 1591 173 1628 sic
201 1590 282 1628 ruit
310 1590 351 1627 in
381 1588 523 1626 densos
552 1587 678 1626 alacer
708 1587 929 1625 Mezentius
959 1587 1093 1625 hostis.

119 1655 310 1693 sternitur
337 1653 477 1691 infelix
506 1653 637 1690 Acron
659 1657 698 1690 et
727 1652 895 1690 calcibus
925 1657 1051 1690 atram
1233 1654 1310 1691 730

119 1719 254 1757 tundit
284 1718 450 1756 humum
480 1717 664 1766 expirans
694 1716 939 1766 infractaque
969 1716 1049 1754 tela
1078 1721 1266 1754 cruentat.

119 1789 237 1834 atque
265 1782 371 1820 idem
400 1781 617 1831 fugientem
647 1780 754 1818 haud
783 1785 842 1819 est
871 1780 1056 1830 dignatus
1086 1780 1245 1818 Oroden

118 1852 291 1886 sternere
319 1860 390 1885 nec
417 1846 519 1884 iacta
547 1858 702 1883 caecum
731 1844 823 1882 dare
854 1844 1012 1895 cuspide
1039 1844 1202 1882 volnus:

119 1913 257 1951 obvius
285 1911 527 1960 adversoque
556 1909 722 1948 occurrit
751 1922 868 1960 seque
896 1909 981 1947 viro
1009 1909 1070 1946 vir

119 1977 297 2023 contulit,
328 1974 435 2014 haud
463 1974 569 2012 furto
598 1973 748 2021 melior,
778 1973 846 2011 sed
876 1973 1044 2011 fortibus
1072 1973 1199 2011 armis.
1233 1974 1307 2012 735

119 2046 204 2079 tum
235 2053 351 2090 super
379 2039 575 2078 abiectum
605 2038 733 2088 posito
762 2037 861 2087 pede
890 2037 1008 2075 nixus
1036 2043 1076 2074 et
1103 2037 1217 2074 hasta

1371 410 1380 471 l

1394 1943 1427 2030 μ

1419 2060 1429 2220 J
