1429 2220
58 133 77 161 ²2
403 130 439 162 P.
466 130 666 161 VERGILI
693 130 910 162 MARONIS

60 231 104 264 ‘0
123 231 247 276 pater,
269 240 291 265 o
311 226 518 264 hominum
537 239 746 276 rerumque
768 232 927 264 aeterna
946 230 1120 276 potestas
1137 230 1143 264 l

58 303 226 340 namque
247 290 354 328 aliud
375 289 471 340 quid
492 289 555 336 sit,
577 289 682 340 quod
703 290 781 328 iam
800 290 997 340 inplorare
1018 291 1230 341 queamus?

59 355 184 393 cernis
204 359 249 393 ut
269 355 463 393 insultent
483 355 623 393 Rutuli
645 355 880 405 Turnusque
899 355 1048 393 feratur
1207 356 1256 393 20

58 432 127 470 per
145 419 297 457 medios
317 419 483 469 insignis
504 419 613 469 equis
634 419 889 469 tumidusque
911 419 1084 458 secundo

59 483 188 521 Marte
208 485 324 521 ruat‘ss
354 497 434 522 non
454 483 586 522 clausa
604 487 747 534 tegunt
766 483 846 521 iam
866 484 1022 522 moenia
1042 484 1214 522 Teucros
1230 499 1237 522 z

59 547 156 598 quin
176 547 283 585 intra
302 552 437 598 portas
457 552 575 598 atque
597 547 692 598 ipsis
711 548 861 598 proelia
879 548 1047 586 miscent

63 611 271 663 aggeribus
290 625 511 650 moerorum
532 617 573 651 et
591 612 789 650 inundant
809 613 998 663 sanguine
1018 612 1148 651 fossas.

60 676 213 715 Aeneas
233 676 393 727 ignarus
412 677 533 715 abest.
592 690 860 728 numquamne
879 677 1002 715 levari
1209 679 1256 714 25

61 741 265 779 obsidione
287 741 418 779 sines?
447 742 568 779 muris
588 742 733 780 iterum
753 741 934 780 imminet
954 742 1078 780 hostis

61 805 255 843 nascentis
276 805 417 844 Troiae
437 819 507 844 nec
528 819 607 844 non
628 806 824 844 exercitus
845 805 954 853 alter,

61 874 179 919 atque
199 869 344 908 iterum
365 870 406 908 in
430 870 601 909 Teucros
621 870 776 909 Aetolis
796 871 924 921 surgit
943 870 992 909 ab
1012 870 1131 920 Arpis

61 933 244 983 Tydides.
296 934 480 984 equidem
501 934 628 980 credo,
651 948 738 973 mea
757 934 918 973 volnera
937 940 1087 973 restant

63 1002 101 1036 et
121 1002 191 1036 tua
210 999 417 1049 progenies
437 998 619 1037 mortalia
639 998 821 1037 demoror
841 1012 958 1037 arma.
1210 1000 1259 1037 30

62 1062 95 1100 si
115 1062 198 1100 sine
217 1076 312 1113 pace
332 1067 402 1102 tua
421 1068 540 1113 atque
560 1063 688 1101 invito
708 1063 871 1101 numine
892 1063 1013 1101 Troes

63 1127 221 1165 Italiam
240 1127 400 1178 petiere,
423 1127 536 1165 luant
555 1131 715 1177 peccata
734 1140 862 1177 neque
882 1127 970 1166 illos

62 1191 208 1229 iuveris
228 1191 377 1229 auxilio
394 1206 403 1239 ;
434 1191 495 1229 sin
515 1196 576 1229 tot
596 1204 784 1241 responsa
803 1191 938 1239 secuti,

63 1269 163 1306 quae
183 1256 316 1306 superi
335 1269 548 1306 manesque
569 1255 737 1294 dabant:
759 1269 828 1294 cur
846 1269 950 1294 nunc
969 1260 1039 1295 tua
1053 1256 1260 1307 quisquam

63 1324 217 1359 vertere
237 1319 342 1358 iussa
363 1324 494 1370 potest
514 1324 582 1358 aut
602 1333 670 1358 cur
688 1333 792 1358 nova
811 1320 978 1359 condere
996 1321 1102 1359 fata?
1211 1322 1260 1358 35

64 1384 159 1435 quid
180 1389 357 1435 repetam
377 1389 535 1422 exustas
556 1385 726 1434 Erycino
747 1385 788 1422 in
808 1385 924 1423 litore
944 1385 1095 1433 classes,

64 1449 161 1499 quid
181 1453 463 1499 tempestatum
483 1462 615 1500 regem
636 1454 854 1499 ventosque
873 1450 1040 1488 furentis

63 1513 204 1552 Aeolia
224 1513 375 1552 excitos
395 1518 464 1552 aut
484 1518 614 1552 actam
635 1514 806 1552 nubibus
827 1514 953 1553 Irim?

64 1591 169 1615 nunc
189 1578 309 1616 etiam
329 1577 456 1616 manis
479 1577 588 1625 (haec
609 1577 847 1628 intemptata
865 1578 1051 1617 manebat

65 1656 147 1680 sors
167 1642 316 1693 rerum)
337 1646 472 1681 movet
492 1647 532 1680 et
552 1642 702 1692 superis
723 1642 885 1680 inmissa
904 1648 1067 1695 repente
1213 1645 1263 1682 40

66 1706 234 1753 Allecto,
257 1706 406 1744 medias
427 1706 573 1744 Italum
593 1706 782 1745 bacchata
800 1720 870 1757 per
889 1708 1016 1746 urbes.

66 1771 121 1809 nil
142 1784 260 1821 super
279 1771 445 1820 imperio
466 1783 650 1808 moveor:
681 1771 923 1821 speravimus
943 1772 1030 1820 ista,

66 1835 161 1874 dum
181 1835 342 1873 fortuna
360 1835 437 1872 fuit
451 1849 460 1882 3
489 1835 652 1873 vincant
672 1848 770 1885 quos
789 1835 946 1874 vincere
965 1837 1099 1875 mavis.

67 1900 99 1938 si
118 1899 228 1937 nulla
247 1904 307 1937 est
326 1899 446 1949 regio,
466 1899 626 1937 Teucris
647 1913 765 1949 quam
785 1899 855 1938 det
874 1904 944 1938 tua
963 1901 1136 1940 coniunx

67 1964 175 2012 dura,
198 1977 269 2014 per
288 1976 456 2010 eversae,
478 1963 646 2014 genitor,
668 1964 864 2002 fumantia
883 1964 1023 2004 Troiae
1213 1968 1262 2004 45

68 2028 220 2066 excidia
236 2028 423 2073 obtestor,
445 2028 560 2066 liceat
580 2027 783 2067 dimittere
803 2028 851 2067 ab
871 2029 989 2067 armis
