1429 2220
482 112 721 145 AENEIDOS
745 113 831 144 LIB.
859 113 903 144 X.
1249 115 1288 146 13

98 209 227 247 Iliacis
247 210 416 259 campis.'
471 214 558 246 tum
576 222 759 259 magnam
780 209 942 259 corripit
961 209 1115 246 hastam
1210 210 1284 246 335

97 278 138 312 et
157 273 270 312 iacit:
300 274 367 311 iHa
386 273 522 312 volans
543 273 656 323 clipei
675 273 967 311 transverberat
986 286 1076 311 aera

97 337 276 376 Maeonis
296 342 336 376 et
355 338 517 376 thoraca
537 337 652 375 simul
672 351 760 375 cum
779 342 935 387 pectore
955 338 1114 388 rumpit.

97 401 187 440 huic
206 402 329 440 frater
348 402 456 440 subit
476 401 645 440 Alcanor
663 403 904 452 fratremque
923 407 1103 440 ruentem

96 470 294 504 sustentat
313 466 454 505 dextra
471 481 477 504 :
506 466 670 504 traiecto
690 466 808 504 missa
827 466 972 504 lacerto

95 530 274 580 protinus
294 530 408 568 hasta
427 530 530 581 fugit
549 536 756 580 servatque
777 540 940 568 eruenta
959 535 1146 578 tenorem,
1211 532 1286 568 340

96 594 337 645 dexteraque
357 608 406 633 ex
425 608 561 633 umero
581 595 712 633 nervis
732 594 968 632 moribunda
987 595 1185 645 pependit.

95 663 181 697 tum
201 659 388 697 Numitor
407 659 532 697 iaculo
552 659 686 697 fratris
706 659 755 697 de
776 672 936 709 corpore
956 664 1069 709 rapto

96 722 258 761 Aenean
278 724 394 773 petiit
406 738 417 770 3
447 724 514 761 sed
535 737 614 761 non
636 728 675 761 et
694 724 811 773 figere
832 729 967 761 contra

96 792 155 825 est
174 785 338 835 licitum,
361 787 570 838 magnique
589 787 715 825 femur
735 787 968 838 perstrinxit
988 787 1173 826 Achatae.

95 851 157 889 hic
177 851 347 890 Curibus
367 852 492 890 fidens
512 852 713 902 primaevo
733 865 893 901 corpore
914 851 1078 890 Clausus
1210 854 1285 890 345

95 916 258 955 advenit
277 921 317 955 et
336 916 462 967 rigida
482 916 682 966 Dryopem
702 916 794 954 ferit
815 916 968 954 eminus
987 916 1101 954 hasta

95 980 167 1018 sub
186 985 364 1018 mentum
383 981 556 1031 graviter
575 993 709 1030 pressa
728 980 953 1030 pariterque
974 980 1169 1031 loquentis

94 1058 230 1083 vocem
251 1045 499 1095 animamque
519 1045 623 1094 rapit
642 1044 806 1082 traiecto
827 1049 988 1094 gutture
1002 1060 1012 1093 ,-
1042 1049 1083 1082 at
1101 1044 1166 1083 ille

95 1109 226 1147 fronte
246 1109 337 1147 ferit
356 1113 501 1147 terram
521 1114 560 1146 et
581 1121 752 1146 crassum
772 1109 897 1146 vomit
917 1122 983 1146 ore
1003 1122 1188 1147 cruorem.

94 1175 174 1209 tres
195 1183 349 1221 quoque
369 1170 569 1208 Threicios
588 1170 736 1208 Boreae
756 1169 804 1207 de
824 1175 941 1220 gente
961 1183 1143 1220 suprema
1210 1173 1284 1208 350

94 1239 134 1273 et
152 1235 235 1282 tris,
257 1248 354 1285 quos
372 1234 464 1272 Idas
483 1239 595 1284 pater
615 1239 654 1271 et
672 1234 801 1284 patria
820 1234 969 1272 Ismara
988 1235 1124 1283 mittit,

93 1312 164 1350 per
182 1299 312 1337 varios
331 1299 473 1336 sternit
493 1311 612 1336 casus
671 1299 841 1336 accurrit
861 1298 1054 1336 Halaesus

93 1365 380 1413 Auruncaeque
401 1376 550 1410 manus,
573 1362 681 1400 subit
700 1366 740 1400 et
759 1362 962 1412 Neptunia
983 1363 1121 1413 proles,

93 1427 258 1478 insignis
277 1427 483 1477 Messapus
503 1426 623 1477 equis.
682 1426 876 1476 expellere
896 1427 1066 1465 tendunt

93 1505 196 1530 nunc
215 1491 268 1540 hi,
290 1505 393 1529 nunc
413 1491 470 1529 illi
486 1506 496 1539 3
524 1495 697 1529 certatur
716 1490 852 1529 limine
871 1491 913 1529 in
932 1492 1017 1541 ipso
1207 1494 1282 1531 355

93 1556 302 1594 Ausoniae.
359 1569 501 1606 magno
521 1554 718 1593 discordes
739 1555 896 1594 aethere
915 1556 1026 1594 venti

93 1620 240 1670 proelia
258 1633 329 1658 ceu
347 1619 493 1658 tollunt
512 1619 653 1657 animis
673 1624 713 1657 et
732 1619 881 1657 viribus
902 1621 1035 1670 aequis
1049 1635 1060 1668 3

93 1696 173 1722 non
192 1683 267 1733 ipsi
286 1683 392 1721 inter
411 1696 462 1729 se,
484 1696 563 1720 non
583 1682 731 1729 nubila,
752 1696 831 1720 non
851 1696 957 1721 mare
978 1684 1104 1732 cedit3

93 1760 234 1797 anceps
254 1760 387 1798 pugna
405 1746 485 1792 diu,
507 1751 616 1784 stant
636 1746 781 1785 obnixa
800 1747 932 1785 omnia
952 1753 1110 1787 contra:

93 1810 199 1849 haud
218 1810 332 1848 aliter
351 1810 542 1849 Troianae
562 1810 662 1848 acies
682 1810 860 1860 aciesque
880 1811 1044 1849 Latinae
1205 1814 1281 1851 360

93 1879 340 1922 concurrunt,
361 1874 498 1913 haeret
516 1873 616 1924 pede
636 1887 703 1924 pes
723 1874 944 1925 densusque
964 1876 1049 1914 viro
1072 1876 1138 1914 vir.

144 1938 202 1977 At
220 1943 331 1989 parte
351 1952 401 1977 ex
420 1939 506 1986 alia,
528 1952 606 1989 qua
624 1952 718 1976 saxa
736 1940 909 1977 rotantia
927 1939 1005 1978 late

93 2003 289 2054 inpulerat
307 2007 460 2042 torrens
480 2003 716 2053 arbustaque
737 2002 869 2041 diruta
887 2004 994 2053 ripis,
