1429 2220
453 112 692 146 AENEIDOS
716 112 803 144 LIB.
831 113 874 144 X.
1217 114 1254 144 21

69 211 368 262 pectoribusque
397 211 546 257 arsisse,
579 209 684 247 Iovis
714 222 802 247 cum
831 209 997 247 fulmina
1025 214 1162 247 contra

69 280 130 315 tot
157 276 316 326 paribus
345 278 535 324 streperet
564 274 708 324 clipeis,
739 278 799 312 tot
827 273 1038 324 stringeret
1067 286 1200 312 enses:

69 340 122 378 sic
150 344 235 378 toto
264 340 416 377 Aeneas
445 338 621 376 desaevit
649 339 690 376 in
719 351 886 388 aequore
916 338 1051 385 victor,

69 409 113 442 ut
141 403 259 442 semel
287 403 458 453 intepuit
487 416 630 440 mucro.
690 402 785 453 quin
814 416 900 440 eece
929 402 1099 452 Niphaei
1182 405 1258 441 570

68 467 310 518 quadriiugis
339 467 380 505 in
411 480 531 517 equos
560 467 801 517 adversaque
830 471 990 517 pectora
1018 467 1158 505 tendit.

68 536 185 582 atque
213 532 272 569 illi
299 532 414 582 longe
442 531 688 582 gradientem
717 536 757 569 et
787 531 872 568 dira
899 531 1129 569 frementem

68 601 113 634 ut
140 596 285 643 videre,
315 601 424 634 metu
452 595 554 633 versi
583 600 766 645 retroque
795 600 954 633 ruentes

68 660 355 710 effunduntque
385 660 524 697 ducem
553 659 792 709 rapiuntque
821 659 871 697 ad
899 659 1018 697 litora
1046 673 1188 697 currus.

67 725 218 763 interea
245 725 388 775 biiugis
417 724 537 762 infert
566 737 606 762 se
635 724 813 774 Lucagus
843 724 941 762 albis
1183 727 1258 763 575

67 789 108 827 in
136 789 285 827 medios
313 789 513 838 fraterque
542 788 681 836 Liger3
712 788 780 826 sed
809 788 930 826 frater
958 788 1122 826 habenis

68 853 190 891 flectit
219 866 348 903 equos,
380 853 563 890 strictum
591 857 697 890 rotat
725 865 812 890 acer
842 852 1020 903 Lucagus
1050 866 1215 907 ensem.-

68 917 174 955 haud
202 916 294 955 tulit
321 917 475 955 Aeneas
504 921 617 954 tanto
645 916 798 955 fervore
827 917 1018 955 furentis:

68 981 189 1019 inruit
217 981 458 1030 adversaque
485 981 624 1030 ingens
653 981 835 1030 apparuit
864 980 985 1019 hasta.

68 1046 129 1084 cui
158 1045 275 1095 Liger
1183 1047 1259 1083 580

71 1113 170 1148 ‘non
198 1109 402 1148 Diomedis
433 1122 553 1159 equos
582 1122 652 1147 nec
682 1122 838 1146 currum
867 1109 993 1147 cernis
1022 1110 1189 1148 Achillis

67 1178 135 1212 aut
163 1173 358 1223 Phrygiae
388 1186 567 1224 campos:
605 1186 710 1211 nunc
740 1173 834 1211 belli
863 1174 951 1211 finis
981 1178 1021 1212 et
1050 1174 1135 1212 aevi

66 1237 128 1275 his
155 1237 314 1275 dabitur
342 1237 480 1274 terris.‘
537 1250 681 1275 vesano
711 1237 807 1275 talia
834 1237 913 1275 late

67 1301 172 1340 dicta
198 1301 335 1339 volant
363 1301 502 1351 Ligeri.
563 1301 631 1339 sed
661 1314 740 1339 non
770 1307 810 1340 et
839 1301 977 1340 Troius
1007 1302 1121 1340 heros

65 1365 171 1404 dicta
182 1369 296 1415 parat
309 1370 455 1412 contra,
471 1365 640 1403 iaculum
653 1379 744 1403 nam
760 1371 919 1416 torquet
931 1367 972 1404 in
985 1366 1150 1406 hostem.
1182 1369 1257 1405 585

65 1429 244 1480 Lucagus
272 1434 317 1467 ut
346 1443 492 1479 pronus
522 1429 698 1480 pendens
727 1430 768 1468 in
797 1431 960 1468 verbera
988 1431 1068 1470 telo

65 1493 271 1532 admonuit
300 1494 465 1544 biiugos,
496 1495 670 1543 proiecto
699 1494 790 1532 dum
822 1495 920 1544 pede
949 1495 1059 1534 laevo

36 1562 176 1607 'aptet
204 1571 244 1595 se
273 1571 439 1608 pugnae,
472 1558 578 1596 subit
608 1571 693 1596 oras
723 1558 836 1597 hasta
865 1572 934 1609 per
961 1560 1058 1598 imas

64 1621 251 1672 fulgentis
281 1621 405 1672 clipei,
438 1626 525 1659 tum
554 1622 711 1661 laevum
740 1623 915 1672 perforat
942 1624 1111 1675 inguen:

65 1699 249 1724 excussus
277 1699 392 1724 curru
422 1686 677 1724 moribundus
708 1687 882 1725 volvitur
910 1689 1024 1727 arvis.
1064 1690 1067 1692 ’
1181 1692 1258 1729 590

65 1762 182 1800 quem
210 1750 296 1800 pius
325 1749 479 1788 Aeneas
509 1750 625 1787 dictis
654 1750 812 1789 adfatur
840 1753 1004 1791 amaris:

67 1813 255 1864 ‘Lucage,
286 1814 396 1852 nulla
425 1819 513 1852 tuos
543 1827 679 1852 currus
708 1815 801 1866 fuga
829 1817 958 1867 segnis
988 1831 1179 1868 equorum

65 1877 242 1928 prodidit
269 1883 338 1916 aut
367 1891 489 1916 vanae
518 1883 671 1917 vertere
701 1892 750 1917 ex
778 1879 959 1919 hostibus
988 1882 1174 1923 umbrae:

65 1941 147 1991 ipse
175 1942 271 1979 rotis
300 1941 440 1980 saliens
469 1942 562 1993 iuga
589 1942 759 1981 deseris.’
815 1944 909 1983 haec
937 1946 994 1983 ita
1021 1946 1126 1984 fatus

67 2006 233 2055 arripuit
259 2005 440 2055 biiugos3
467 2006 590 2044 frater
617 2007 808 2046 tendebat
835 2008 974 2047 inertis
1181 2013 1258 2050 595
