1429 2220
125 96 168 127 32
306 96 342 127 P.
371 96 569 128 VERGILI
594 96 810 129 MARONIS
835 97 944 129 AEN.
973 98 1058 129 LIB.
1087 98 1130 130 X.

124 204 195 229 nec
214 196 382 230 mortem
402 192 606 230 horremus
625 206 696 231 nec
716 193 849 231 divom
869 194 1064 243 parcimus
1083 193 1166 232 ulli.
1239 195 1316 232 880

124 255 281 295 desine:
321 269 412 294 nam
441 257 556 295 venio
585 257 799 295 moriturus
829 263 869 296 et
897 258 992 296 haec
1020 258 1094 296 tibi
1122 262 1236 308 porto

123 319 228 358 dona
255 320 388 371 prius.’
445 320 548 358 dixit
576 321 778 371 telumque
806 322 966 360 intorsit
993 322 1035 360 in
1063 322 1240 371 hostem3

123 383 215 422 inde
244 384 351 422 aliud
379 397 497 435 super
525 389 643 435 atque
673 385 780 424 aliud
810 386 972 437 figitque
1000 386 1186 437 volatque

123 449 277 500 ingenti
305 462 415 499 gyro,
447 449 516 488 sed.
545 450 714 488 sustinet
744 463 884 488 aureus
914 451 1043 489 umbo.

123 518 184 551 ter
212 513 358 551 circum
387 518 585 552 astantem
613 514 745 553 laevos
774 515 967 564 equitavit
995 515 1036 552 in
1066 515 1178 553 orbes
1238 515 1314 553 885

122 577 201 616 tela
230 591 348 616 manu
376 578 531 625 iaciens,
563 583 624 617 ter
651 591 782 617 secum
810 579 949 617 Troius
978 579 1092 618 heros

124 643 322 680 inmanem
351 648 482 681 aerato
512 643 736 681 circumfert
766 644 939 694 tegmine
967 643 1117 682 silvam.

122 706 214 744 inde
243 706 312 744 ubi
340 711 401 744 tot
430 707 597 745 traxisse
625 720 764 754 moras,
797 713 858 745 tot
886 707 1035 757 spicula
1064 707 1196 746 taedet

121 771 265 809 vellere
294 775 334 809 et
362 776 525 822 urgetur
553 785 686 822 pugna
713 784 942 822 congressus
970 772 1118 822 iniqua,

122 835 246 873 multa
261 849 422 874 movens
439 836 570 874 animo
584 836 663 873 iam
679 835 841 874 tandem
859 836 1031 886 erumpit
1047 841 1086 874 et
1100 836 1204 874 inter
1238 837 1315 874 890

121 899 322 938 bellatoris
351 900 442 950 equi
472 913 566 938 cava
595 904 775 950 tempora
803 900 947 939 conicit
974 900 1138 940 hastam.

121 964 227 1002 tollit
255 978 295 1002 se
325 969 520 1002 arrectum
549 964 772 1015 quadrupes
802 970 842 1003 et
871 964 1039 1003 calcibus
1069 978 1181 1003 auras

120 1027 304 1066 verberat
332 1028 576 1078 effusumque
605 1029 779 1078 equitem
808 1041 925 1079 super
953 1029 1036 1078 ipse
1065 1033 1220 1067 secutus

119 1092 296 1141 implicat
325 1092 526 1142 eiectoque
554 1092 747 1130 incumbit
776 1105 942 1130 cernuus
971 1106 1089 1130 armo.

120 1156 288 1195 clamore
316 1156 536 1194 incendunt
564 1156 714 1194 caelum
745 1156 942 1206 Troesque
970 1156 1193 1206 Latinique.
1236 1158 1311 1194 895

120 1220 280 1259 advolat
307 1220 463 1258 Aeneas
493 1220 713 1271 vaginaque
743 1221 860 1270 eripit
888 1233 1020 1258 ensem

121 1290 161 1323 et
189 1297 306 1335 super
333 1283 453 1323 haec:
492 1284 584 1322 ‘ubi
612 1297 716 1322 nunc
745 1284 968 1322 Mezentius
997 1297 1084 1322 acer
1113 1288 1152 1322 et
1179 1284 1247 1322 illa

121 1350 238 1387 effera
265 1349 326 1387 vis
355 1348 526 1386 animi'l'
584 1353 720 1386 contra
747 1348 989 1398 Tyrrhenus,
1018 1353 1064 1386 ut
1093 1361 1206 1386 auras

121 1413 335 1463 suspiciens
364 1412 496 1450 hausit
525 1412 675 1450 caelum
703 1417 956 1462 mentemque
984 1412 1155 1462 recepit:

123 1477 262 1516 ‘hostis
277 1490 418 1524 amare,
435 1476 531 1527 quid
547 1476 758 1526 increpitas
776 1482 1020 1526 mortemque
1035 1476 1213 1514 minaris'l
1236 1478 1312 1514 900

120 1542 275 1580 nullum
302 1542 344 1579 in
373 1541 489 1580 caede
518 1541 638 1588 nefas,
668 1553 739 1578 nec
768 1540 821 1578 sic
850 1540 899 1578 ad
927 1540 1075 1590 proelia
1102 1540 1204 1587 veni,

121 1620 191 1645 nec
219 1611 350 1644 tecum
378 1618 487 1643 meus
516 1605 611 1643 haec
639 1605 791 1655 pepigit
819 1604 918 1642 mihi
945 1604 1104 1643 foedera
1130 1604 1290 1642 Lausus.

120 1685 244 1709 unum
272 1671 345 1709 hoc
375 1683 443 1720 per
471 1670 583 1720 siqua
611 1674 671 1707 est
698 1669 813 1707 victis
841 1669 958 1707 venia
985 1668 1164 1707 hostibus
1193 1682 1284 1708 oro:

122 1749 260 1785 corpus
288 1735 408 1772 humo
436 1735 587 1784 patiare
615 1733 705 1784 tegi.
766 1733 843 1771 scio
872 1733 1011 1771 acerba
1038 1746 1215 1772 meorum

121 1801 372 1838 circumstare
402 1798 514 1837 odia:
554 1798 670 1845 hunc,
700 1810 779 1845 oro,
811 1797 977 1836 defende
1005 1798 1177 1836 furorem
1234 1798 1309 1835 905

121 1869 161 1902 et
189 1877 251 1902 me
281 1868 500 1902 consortem
529 1862 614 1900 nati
642 1861 810 1900 concede
839 1860 1068 1911 sepulchro.'

122 1928 216 1966 haec
244 1927 422 1978 loquitur
449 1926 661 1977 iuguloque
689 1925 795 1964 haud
823 1926 968 1963 inscius
996 1925 1137 1975 accipit
1165 1938 1298 1964 ensem

122 1992 367 2041 undantique
397 1991 567 2029 animam
597 1989 785 2028 diffundit
812 1989 854 2027 in
884 2003 977 2027 arva
1006 2002 1150 2027 cruore.
