1429 2220
461 97 561 129 AEN
564 96 700 128 EIDOS
725 95 812 128 LIB.
840 95 882 127 X.
1247 97 1264 129 7

76 193 202 232 noctis
220 193 307 239 iter,
328 193 406 230 iam
427 205 525 242 quae
545 204 681 242 passus
702 196 884 241 terraque
904 190 1090 241 marique.

127 256 296 295 Pandite
315 269 419 295 nunc
434 256 636 302 Helicona,
658 255 764 303 deae,
786 259 999 305 cantusque
1018 258 1183 302 movete,

75 335 174 372 quae
194 334 331 359 manus
350 321 502 359 interea
521 320 656 358 Tuscis
677 319 887 358 comitetur
905 320 955 357 ab
975 320 1052 357 oris

74 385 236 424 Aenean
256 389 457 435 armetque
477 390 581 422 rates
601 383 816 434 pelagoque
836 385 1012 422 vehatur.
1190 385 1262 421 165

127 449 316 488 Massicus
337 454 470 487 aerata
488 449 669 499 princeps
689 452 794 486 secat
814 461 982 497 aequora
1001 447 1093 497 tigri
1110 463 1116 485 :

74 514 145 552 sub
165 527 242 564 quo
262 513 369 551 mille
389 526 527 551 manus
548 514 746 558 iuvenum,
768 513 835 562 qui
856 511 1010 549 moenia
1029 511 1137 550 Clusi

74 578 218 628 quique
239 578 374 615 urbem
394 577 542 627 liquere
563 576 694 621 Cosas,
717 576 803 626 quis
824 578 902 613 tela
922 577 1086 626 sagitt-ac

73 641 281 692 gorytique
302 641 406 679 leves
427 640 572 678 umeris
593 645 632 678 et
652 640 781 677 letifer
802 653 922 677 arcus.

73 718 152 743 una
171 710 307 743 torvus
327 705 435 742 Abas
452 720 458 742 :
489 704 579 742 huic
600 709 728 742 totum
748 703 967 753 insignibus
988 703 1106 741 armis
1186 705 1260 742 170

73 783 217 820 agmen.
233 775 273 807 et
292 774 429 807 aurato
448 769 625 819 fulgebat
644 768 829 818 Apolline
849 770 1005 818 puppis.

73 839 267 872 sescentos
287 833 345 871 illi
366 833 528 871 dederat
549 833 769 882 Populonia
788 837 915 870 mater

73 902 255 948 expertos
275 897 367 935 belli
387 898 560 942 iuvenes,
583 902 643 934 ast
664 896 749 934 Ilva
769 901 965 934 trecentos

71 961 200 1000 insula
218 961 464 999 inexhaustis
485 960 708 1010 Chalybum
728 973 916 1010 generosa
937 960 1120 999 metallis.

71 1026 211 1064 tertius
229 1026 295 1063 ille
315 1025 519 1063 hominum
539 1024 750 1074 divomque
770 1024 962 1074 interpres
983 1024 1122 1072 Asilas,
1185 1026 1257 1064 175

72 1091 133 1128 cui
153 1089 348 1141 pecudum
369 1089 500 1135 fibrae,
523 1088 619 1126 caeli
638 1088 700 1126 cui
720 1088 848 1126 sidera
869 1093 1007 1138 parent

71 1158 110 1192 et
129 1154 284 1205 linguae
303 1153 507 1191 volucrum
526 1158 567 1191 et
586 1153 762 1203 praesagi
780 1152 957 1190 fulminis
976 1153 1097 1203 ignes,

71 1218 176 1256 mille
195 1217 298 1268 rapit
318 1217 458 1255 densos
479 1217 558 1255 acie
578 1222 695 1266 atque
717 1216 967 1254 horrentibus
988 1217 1120 1255 hastis.

71 1282 141 1320 hos
159 1294 295 1332 parere
315 1281 453 1319 iubent
472 1280 649 1331 Alpheae
671 1280 718 1318 ab
738 1280 886 1330 origine
909 1280 1031 1328 Pisae,

72 1347 162 1384 urbs
182 1346 344 1383 Etrusca
363 1344 455 1383 solo.
515 1344 691 1394 sequitur
710 1343 995 1393 pulcherrimus
1015 1345 1148 1392 Astur,
1185 1347 1257 1384 180

70 1410 193 1448 Astur
212 1422 312 1460 equo
332 1409 456 1447 fidens
476 1413 516 1446 et
535 1407 832 1446 versicoloribus
852 1408 978 1446 armis.

70 1478 289 1512 tercentum
309 1472 486 1510 adiciunt
507 1473 632 1521 (mens
653 1471 835 1509 omnibus
855 1485 933 1510 una
953 1473 1158 1522 sequendi)

70 1538 138 1588 qui
157 1537 320 1576 Caerete
341 1536 469 1582 domo,
491 1536 560 1586 qui
579 1540 673 1574 sunt
693 1536 882 1573 Minionis
904 1537 942 1574 in
964 1537 1078 1583 arvis,

70 1608 109 1640 et
129 1601 249 1652 Pyrgi
268 1606 419 1639 veteres
441 1601 795 1650 intemptestaeque
816 1599 1035 1639 Graviscae.

122 1666 213 1704 Non
235 1678 304 1716 ego
325 1670 376 1710 te,
399 1664 588 1714 Ligurum
609 1663 749 1702 (luctor
768 1665 980 1703 fortissime
1001 1665 1114 1711 bello,
1181 1667 1254 1704 185

70 1729 304 1775 transierim,
326 1728 483 1778 Cinyre,
508 1733 546 1766 et
567 1728 698 1778 paucis
719 1728 901 1767 comitate
922 1729 1094 1779 Cupavo,

23 1840 26 1841 ⁷
70 1794 178 1833 cuius
198 1794 368 1832 olorinae
388 1798 553 1843 surgunt
574 1792 622 1830 de
641 1792 785 1831 vertice
806 1793 958 1843 pinnae,

70 1858 228 1904 crimen,
248 1857 381 1904 Amor,
404 1861 590 1902 vestrum,
613 1856 837 1907 formaeque
857 1857 1010 1908 insigne
1030 1863 1226 1908 paternae.

70 1934 238 1972 namque
257 1921 390 1959 ferunt
408 1920 518 1958 luctu
538 1920 715 1970 Cycnum
736 1920 995 1959 Phaethontis
1015 1923 1146 1966 amati,

70 1985 256 2036 populeas
275 1985 379 2023 inter
398 1984 556 2022 frondes
577 1985 831 2035 umbramque
851 1998 1027 2024 sororum
1184 1989 1257 2025 190

650 2048 671 2069 Β
