1429 2220
125 136 163 166 10
463 135 499 167 P.
528 107 737 168 VERGILr
752 136 972 170 MARONIS

120 231 212 270 inde
233 231 331 270 aliae
351 231 523 270 celerant
542 246 687 271 cursus.
748 238 882 284 stupet
900 234 1044 273 inscius
1064 235 1146 285 ipse

120 296 219 334 Tros
238 295 499 335 Anchisiades
516 311 526 345 3
555 297 705 335 animos
725 302 857 336 tamen
878 299 1008 337 omine
1027 299 1142 338 tollit.
1239 302 1316 338 250

120 365 207 398 tum
227 360 403 399 breviter
423 374 564 411 supera
584 366 788 411 aspectans
809 375 983 401 convexa
1003 368 1209 413 precatur:

123 430 132 447 ‘
147 425 250 463 alma
269 438 410 475 parens
431 425 550 463 Idaea
571 425 699 472 deum,
722 427 782 464 cui
804 426 1006 476 Dindyma
1027 427 1134 465 cordi

120 489 415 540 turrigeraeque
435 489 544 527 urbis
564 490 765 540 biiugique
786 490 836 528 ad
856 491 967 529 frena
986 491 1127 540 leones,

120 558 166 592 tu
185 553 283 591 mihi
303 566 407 591 nunc
429 566 581 604 pugnae
602 554 796 604 princeps,
819 559 863 592 tu
884 555 958 593 rite
979 556 1218 606 propinques

121 618 328 668 augurium
350 617 655 668 Phrygibusque
675 618 780 656 adsis
800 619 910 668 pede,
933 619 1036 666 diva,
1059 620 1252 658 secund0.'

121 687 277 720 tantum
298 683 449 728 effatus,
472 688 511 720 et
530 683 681 721 interea
700 683 879 721 revoluta
899 684 1037 721 ruebat
1240 686 1314 722 256

120 751 276 784 matura
295 746 371 784 iam
392 746 478 784 luce
497 746 580 784 dies
601 752 835 797 noctemque
855 747 1020 798 fugarat.

120 811 314 862 principio
335 811 447 849 sociis
468 811 586 849 edicit
607 811 717 862 signa
737 817 954 862 sequantur

121 881 240 926 atque
260 875 410 913 animos
431 880 571 926 aptent
591 876 708 913 armis
728 889 959 926 pugnaeque
980 882 1120 926 parent
1142 890 1181 915 se
1199 893 1209 926 3

120 942 275 991 iamque
296 941 337 977 in
358 945 567 990 conspectu
587 940 758 978 Teucros
780 940 898 978 habet
919 946 958 978 et
978 954 1047 979 sua
1068 947 1204 989 castra,
1240 943 1315 980 260

121 1009 228 1044 stans
249 1005 350 1043 celsa
369 1005 410 1042 in
429 1005 564 1055 puppi,
589 1004 757 1055 clipeum
779 1018 867 1042 cum
887 1004 1030 1043 deinde
1050 1005 1209 1044 sinistra

121 1069 266 1109 extulit
285 1069 489 1107 ardentem
506 1084 512 1106 :
543 1068 752 1107 clamorem
774 1069 823 1107 ad
843 1069 972 1107 sidera
992 1069 1139 1108 tollunt

120 1133 372 1172 Dardanidae
394 1146 414 1171 e
435 1134 568 1179 muris,
591 1146 678 1183 spes
699 1133 836 1171 addita
856 1134 1019 1171 suscitat
1039 1134 1126 1182 iras,

120 1200 200 1238 tela
218 1212 336 1237 manu
357 1198 529 1236 iaciunt:
561 1198 696 1248 quales
722 1198 795 1236 sub
816 1198 987 1236 nubibus
1007 1198 1102 1236 atris

122 1264 371 1314 Strymoniae
387 1263 484 1300 dant
499 1262 609 1312 signa
624 1275 739 1312 grues
756 1267 873 1312 atque
890 1262 1048 1300 aethera
1064 1267 1224 1301 tranant
1239 1264 1314 1301 265

121 1343 208 1367 cum
229 1328 361 1366 sonitu
381 1327 615 1377 fugiuntque
635 1326 763 1364 Notos
784 1326 950 1364 clamore
971 1326 1153 1366 secundo.

121 1399 161 1432 at
181 1392 330 1431 Rutulo
352 1392 432 1442 regi
454 1391 695 1441 ducibusque
717 1404 761 1429 ea
781 1391 880 1428 mira
899 1390 1023 1428 videri

122 1457 317 1504 Ausoniis,
340 1456 463 1494 donec
483 1469 615 1494 versas
636 1455 685 1493 ad
705 1455 821 1493 litora
847 1468 997 1505 puppes

120 1522 335 1573 respiciunt
360 1526 567 1570 totumque
588 1520 717 1558 adlabi
737 1520 924 1558 classibus
946 1533 1099 1570 aequor.

121 1588 234 1625 ardet
254 1599 355 1636 apex
375 1585 494 1635 capiti
514 1585 721 1634 cristisque
742 1598 764 1622 a
783 1584 929 1622 vertice
950 1584 1107 1622 flamma
1240 1585 1314 1623 270

122 1640 301 1690 funditur
321 1655 361 1688 et
380 1655 512 1687 vastos
532 1649 651 1686 umbo
672 1648 797 1686 vomit
817 1661 956 1686 aureus
976 1648 1078 1698 ignis
1095 1663 1102 1686 ε

121 1730 200 1754 non
221 1728 330 1753 secus
351 1728 393 1752 ac
414 1713 564 1763 liquida
584 1713 614 1750 si
636 1712 795 1763 quando
815 1716 930 1750 nocte
951 1716 1124 1750 cometae

122 1779 325 1831 sanguinei
345 1779 511 1829 lugubre
531 1778 675 1816 rubent
694 1782 764 1815 aut
788 1776 912 1815 Sirius
932 1776 1059 1822 ardor,

121 1846 186 1884 ille
207 1845 314 1883 sitim
332 1844 568 1893 morbosque
589 1843 717 1880 ferens
737 1841 968 1880 mortalibus
989 1841 1125 1891 aegris

121 1910 295 1948 nascitur
316 1913 355 1946 et
376 1908 486 1946 laevo
507 1907 716 1945 contristat
737 1906 886 1944 lumine
907 1905 1066 1944 caelum.
1237 1907 1312 1944 275

175 1973 296 2012 Haud
315 1978 449 2011 tamen
470 1971 608 2010 audaci
627 1971 762 2008 Turno
783 1969 925 2008 fiducia
945 1970 1061 2008 cessit

121 2039 239 2077 litora
257 2037 478 2088 praecipere
499 2041 538 2073 et
558 2034 754 2073 venientis
774 2034 917 2084 pellere
938 2038 1052 2071 terra.
