1429 2220
139 111 176 142 16
479 112 514 144 P.
543 113 743 145 VERGILI
767 114 985 147 MARONIS

135 205 335 244 fortunam
364 213 481 257 atque
510 209 615 246 viam
645 210 733 247 duri
761 224 832 260 per
859 217 994 261 pectus
1025 212 1209 251 Halaesi:

135 269 228 308 haec
257 284 364 309 arma
393 272 635 323 exuviasque
664 274 739 311 viri
768 280 838 312 tua
866 288 1029 325 quercus
1058 276 1244 315 habebit)

134 334 259 372 audiit
287 335 354 373 illa
383 335 502 375 deus:
541 337 636 375 dum
665 338 768 376 texit
797 339 958 377 Imaona
986 340 1190 390 Halaesus,

132 399 302 438 Arcadio
331 400 470 438 infelix
499 401 579 440 telo
608 402 678 440 dat
705 407 841 452 pectus
870 404 1074 444 inermum.
1248 407 1324 444 425

133 471 172 501 at
200 477 279 501 non
308 464 425 503 caede
453 465 529 503 viri
559 471 671 504 tanta
698 468 909 517 perterrita
936 468 1100 516 Lausus,

131 540 220 577 pars
249 529 388 579 ingens
417 530 520 577 belli,
552 531 647 568 sinit
675 532 855 581 agmina:
893 533 1043 582 primus
1072 533 1271 573 Abantem

131 593 356 642 oppositum
383 594 588 642 interimit,
619 609 774 647 pugnae
803 596 1029 648 nodumque
1058 611 1293 649 moramque.

130 656 319 694 sternitur
346 657 540 697 Arcadiae
568 659 707 709 proles,
739 665 970 699 sternuntur
997 662 1153 700 Etrusci

130 726 169 758 et
197 734 277 767 vos,
309 735 330 760 o
360 721 475 760 Grais
504 723 705 773 inperdita
734 738 906 775 corpora,
937 725 1090 764 Teucri.
1245 727 1323 765 430

129 786 285 835 agmina
312 793 551 825 concurrunt
579 787 821 839 ducibusque
851 794 890 827 et
918 789 1067 828 viribus
1095 790 1240 841 aequis.

128 850 295 888 extremi
324 851 546 890 addensent
575 853 676 891 acies
704 866 776 891 nec
805 854 921 892 turba
949 854 1099 893 moveri

127 913 207 951 tela
235 927 451 965 manusque
481 915 585 954 sinit.
646 916 738 954 hinc
767 916 897 955 Pallas
925 918 1049 956 instat
1077 923 1118 957 et
1145 924 1271 971 urget,

127 978 218 1016 hinc
247 984 383 1017 contra
410 980 571 1026 Lausus,
603 993 673 1019 nec
701 981 872 1020 multum
901 982 1099 1033 discrepat
1127 988 1257 1022 aetas:

126 1042 270 1093 egregii
300 1043 435 1090 forma,
467 1044 536 1082 sed
565 1045 654 1095 quis
683 1045 862 1084 Fortuna
889 1052 1051 1097 negarat
1243 1049 1320 1086 435

125 1107 166 1144 in
194 1107 364 1157 patriam
392 1108 555 1147 reditus.
613 1109 719 1159 ipsos
748 1123 978 1148 concurrere
1007 1124 1142 1161 passus

125 1170 229 1209 haud
259 1176 391 1210 tamen
420 1172 524 1210 inter
552 1186 592 1211 se
621 1173 755 1224 magni
784 1179 969 1224 regnator
998 1174 1180 1225 Olympi:

124 1249 218 1274 mox
245 1236 333 1274 illos
362 1249 431 1274 sua
458 1237 540 1275 fata
567 1243 729 1276 manent
757 1238 904 1276 maiore
932 1239 1005 1276 sub
1033 1239 1157 1278 hoste.

177 1300 335 1339 Interea
363 1314 472 1339 soror
500 1301 603 1340 alma
630 1307 766 1341 monet
794 1302 1000 1341 succedere
1027 1303 1157 1342 Lauso

124 1364 313 1410 Turnum,
337 1366 403 1415 qui
423 1365 573 1404 volucri
593 1380 711 1405 curru
730 1366 905 1405 medium
925 1372 1029 1405 secat
1049 1381 1197 1418 agmen.
1241 1369 1318 1406 440

124 1434 169 1467 ut
197 1429 300 1467 vidit
328 1429 463 1477 socios,
498 1434 675 1480 ‘tempus
704 1430 892 1469 desistere
921 1444 1098 1481 pugnae:

124 1493 230 1531 solus
250 1507 321 1544 ego
341 1493 382 1531 in
403 1493 586 1532 Pallanta
606 1495 721 1541 feror,
743 1495 815 1533 soli
836 1495 934 1532 mihi
954 1495 1084 1533 Pallas

123 1557 290 1596 debetur
301 1572 312 1606 3
341 1571 522 1608 cuperem
544 1558 626 1608 ipse
647 1572 790 1608 parens
810 1564 1008 1609 spectator
1027 1559 1204 1599 adesset!

123 1621 218 1660 haec
237 1622 305 1670 ait,
328 1627 368 1660 et
387 1623 482 1660 socii
503 1628 703 1661 cesserunt
724 1636 892 1673 aequore
911 1624 1026 1662 iusso.

123 1692 164 1724 at
183 1686 378 1724 Rutulum
397 1687 578 1725 abscessu
599 1687 753 1725 iuvenis
773 1692 859 1725 tum
878 1688 983 1725 iussa
1002 1688 1169 1738 superba
1237 1690 1313 1727 445

122 1750 287 1788 miratus
307 1755 442 1799 stupet
460 1751 501 1787 in
522 1751 656 1789 Turno
676 1764 894 1801 corpusque
913 1765 982 1801 per
1001 1751 1140 1802 ingens

123 1814 272 1852 lumina
290 1814 417 1853 volvit
436 1814 597 1864 obitque
617 1815 720 1853 truci
739 1815 874 1865 procul
894 1816 1026 1854 omnia
1044 1816 1131 1854 visu

123 1878 268 1916 talibus
289 1884 329 1917 et
347 1878 463 1916 dictis
481 1879 514 1916 it
533 1884 669 1917 contra
688 1879 793 1917 dicta
813 1880 971 1929 tyranni
987 1895 994 1918 :

127 1946 136 1963 ‘
148 1948 217 1980 aut
236 1942 370 1993 spoliis
391 1956 462 1993 ego
482 1943 560 1980 iam
578 1943 702 1993 raptis
721 1943 912 1982 laudabor
924 1944 1075 1994 opimis

125 2011 194 2044 aut
212 2007 291 2045 leto
311 2007 456 2058 insigni
473 2023 479 2045 :
509 2007 606 2045 sorti
625 2013 738 2057 pater
757 2021 904 2058 aequus
924 2009 1082 2059 utrique
1103 2014 1172 2047 est.
1233 2011 1311 2047 450
