1429 2220
457 126 694 160 AENEIDOS
718 127 805 159 LIB.
833 127 876 159 X.
1221 127 1263 158 23

72 226 261 265 hactenus
289 224 499 263 indulsisse
527 227 650 262 vacat.
709 223 769 261 sin
799 223 916 261 altior
942 223 1030 260 istis
1185 224 1261 260 625

73 290 146 328 sub
173 289 351 340 precibus
379 288 494 326 venia
523 288 604 325 ulla
630 287 729 325 latet
757 292 965 337 totumque
993 287 1141 325 moveri

72 353 267 392 mutarive
295 358 411 403 putas
440 352 597 399 bellum,
628 365 715 402 spes
744 352 869 401 pascis
898 351 1049 389 inanis.’

73 423 113 457 et
141 418 241 456 Iuno
270 417 529 455 adlacrimans
561 416 679 466 ‘quid
707 416 750 463 si,
783 429 882 466 quae
912 429 1006 453 voce
1035 415 1222 466 gravaris,

73 487 204 520 mente
233 481 346 519 dares
375 486 492 531 atque
522 480 616 518 haec
643 480 777 518 Turno
806 485 893 529 rata
921 479 1006 518 vita
1032 482 1238 517 maneret?

72 559 177 584 nunc
205 550 339 584 manet
366 546 563 583 insontem
591 544 721 595 gravis
740 544 881 591 exitus,
905 548 973 581 aut
993 557 1064 594 ego
1084 544 1167 581 veri
1188 545 1263 581 630

72 624 173 649 vana
200 610 311 648 feror.
372 609 477 659 quod
506 614 550 646 ut
578 622 600 646 ο
629 608 760 658 potius
788 608 997 646 formidine
1025 608 1124 646 falsa

74 675 186 713 ludar
215 680 254 712 et
282 674 323 712 in
353 673 492 711 melius
523 678 601 720 tua,
634 673 702 722 qui
731 678 854 722 potes,
887 686 974 710 orsa
1001 674 1223 710 reflectas1’

74 739 168 777 haec
195 739 264 789 ubi
294 738 400 775 dicta
428 737 551 784 dedit,
582 737 686 775 caelo
716 749 756 774 se
785 737 965 786 protinus
994 736 1073 775 alto

73 803 192 849 misit,
225 815 342 853 agens
372 802 540 839 hiemem
570 801 705 839 nimbo
735 801 932 838 succincta
960 814 1030 851 per
1058 814 1182 847 auras,

74 866 310 915 Iliacamque
340 865 461 903 aciem
492 870 531 902 et
559 864 773 902 Laurentia
802 870 929 902 castra
957 865 1110 914 petivit.
1188 865 1263 901 635

74 935 159 968 tum
188 929 262 968 dea
290 929 395 967 nube
425 942 520 966 cava
549 934 708 967 tenuem
738 928 821 966 sine
850 928 1000 966 viribus
1031 929 1210 966 umbram

73 995 116 1032 in
143 994 281 1032 faciem
310 994 467 1031 Aeneae
498 993 602 1044 (visu
630 992 809 1030 mirabile
838 996 1075 1039 monstrum)

74 1058 285 1096 Dardaniis
315 1062 428 1095 ornat
457 1057 547 1095 telis
576 1057 821 1107 clipeumque
850 1057 1038 1106 iubasque

74 1122 200 1160 divini
229 1121 440 1160 adsimulat
468 1122 620 1171 capitis,
651 1121 720 1158 dat
749 1121 882 1158 inania
914 1121 1046 1167 verba,

74 1188 143 1226 dat
172 1187 255 1225 sine
284 1191 416 1224 mente
436 1199 576 1224 sonum
596 1198 830 1236 gressusque
851 1186 1001 1236 effingit
1021 1186 1162 1232 euntis,
1187 1186 1263 1222 640

73 1257 199 1290 morte
228 1251 337 1289 obita
365 1251 490 1300 qualis
519 1251 623 1288 fama
651 1255 710 1288 est
738 1250 903 1288 volitare
932 1251 1075 1300 figuras

74 1322 142 1354 aut
170 1329 269 1366 quae
298 1315 446 1365 sopitos
475 1314 668 1353 deludunt
697 1315 848 1352 somnia
875 1327 1020 1352 sensus.

74 1385 115 1418 at
142 1380 288 1430 primas
316 1379 419 1417 laeta
448 1384 538 1416 ante
568 1379 667 1417 acies
697 1378 852 1416 exultat
880 1379 1008 1429 imago

73 1444 287 1494 inritatque
316 1444 444 1480 virum
472 1443 561 1481 telis
590 1448 629 1480 et
657 1456 749 1481 voce
777 1443 942 1481 lacessit.

74 1509 196 1546 instat
224 1509 286 1546 cui
315 1508 471 1545 Turnus
501 1507 811 1557 stridentemque
832 1508 984 1545 eminus
1003 1507 1158 1546 hastam
1189 1509 1262 1545 645

75 1572 239 1611 conicit:
268 1572 335 1609 illa
363 1571 456 1609 dato
486 1572 608 1609 vertit
636 1571 802 1622 vestigia
829 1576 950 1622 tergo.

74 1642 160 1675 tum
189 1649 281 1674 vero
311 1636 475 1674 Aenean
505 1632 687 1673 aversum
713 1641 759 1673 ut
787 1635 924 1674 cedere
954 1636 1112 1674 Turnus

75 1700 241 1738 credidit
269 1705 388 1750 atque
418 1700 547 1737 animo
577 1713 686 1750 spem
715 1699 897 1738 turbidus
928 1699 1060 1738 hausit
1093 1700 1262 1747 inanem,

77 1769 174 1815 ‘quo
203 1764 315 1815 fugis,
347 1765 507 1802 Aenea‘l
535 1763 729 1802 thalamos
757 1777 806 1801 ne
836 1763 970 1801 desere
999 1769 1155 1814 pactos3

74 1828 146 1867 hac
175 1828 334 1866 dabitur
362 1828 503 1865 dextra
532 1827 648 1865 tellus
678 1828 855 1878 quaesita
882 1841 952 1878 per
980 1828 1128 1876 undas,’
1187 1829 1263 1866 650

75 1892 169 1931 talia
196 1892 413 1930 vociferans
443 1892 622 1942 sequitur
650 1892 907 1942 strictumque
937 1898 1113 1930 coruscat

75 1970 301 1995 mucronem
329 1970 399 1994 nec
427 1956 527 1995 ferre
556 1955 665 1994 videt
695 1969 764 1994 sua
792 1956 937 2007 gaudia
965 1962 1113 1995 ventos.

78 2021 176 2060 forte
203 2021 299 2059 ratis
329 2021 420 2059 celsi
449 2021 657 2059 coniuncta
685 2021 882 2076 crepidine
912 2021 994 2064 saxi

653 2080 671 2102 C
