1429 2220
498 125 595 156 AEN
600 123 737 156 EIDOS
763 122 849 155 LIB.
876 123 919 154 X.
1289 122 1309 152 5

116 222 436 275 quandoquidem
452 221 649 259 Ausonios
670 219 854 270 coniungi
874 219 1030 257 foedere
1051 218 1211 257 Teucris
1234 218 1306 255 105

115 287 222 327 haud
240 287 404 334 licitum,
426 299 498 324 nec
518 289 649 323 vestra
668 284 773 334 capit
793 282 988 321 discordia
1008 283 1125 320 finem
1141 297 1148 321 z

115 365 216 403 quae
244 351 385 402 cuique
413 355 473 389 est
510 350 669 388 fortuna
700 348 829 396 hodie,
861 361 979 398 quam
1008 347 1176 398 quisque
1205 350 1309 384 secat

329 428 448 466 spem,

115 481 213 519 Tros
233 480 457 518 Rutulusne
477 479 562 517 fuat
581 478 691 516 nullo
711 477 936 516 discrimine
956 477 1120 524 habebo,

116 558 184 583 seu
203 545 295 583 fatis
315 543 461 582 Italum
482 548 608 581 castra
627 542 832 581 obsidione
851 547 1051 589 tenentur,

116 610 198 648 sive
218 622 348 647 errore
363 608 466 646 malo
486 607 627 646 Troiae
647 607 887 657 monitisque
907 606 1085 645 sinistris.
1235 607 1309 643 110

116 687 187 712 nec
206 673 376 711 Rutulos
396 672 505 711 solvo
522 687 528 710 :
558 685 627 710 sua
646 671 785 721 cuique
805 684 945 709 exorsa
963 671 1138 709 laborem

115 738 395 789 fortunamque
415 737 551 775 ferent.
611 749 682 774 rex
701 735 883 786 Iuppiter
903 735 1084 773 omnibus
1103 735 1217 773 idem.

116 803 198 841 fata
216 802 321 840 viam
339 799 569 840 invenient.’
625 799 754 851 Stygii
774 813 844 850 per
863 800 1027 838 flumina
1044 799 1189 844 fratris,

116 880 187 918 per
204 867 289 917 pice
310 865 498 904 torrentis
519 870 682 915 atraque
702 864 888 915 voragine
907 864 1012 914 ripas

117 932 257 970 adnuit
276 936 316 969 et
335 936 464 969 totum
484 935 586 968 nutu
605 929 824 968 tremefecit
844 928 1068 979 Olympum.
1236 929 1309 964 115

117 995 180 1034 hic
200 995 289 1033 finis
308 994 428 1033 fandi.
490 993 588 1032 solio
607 998 693 1031 tum
714 993 896 1044 Iuppiter
917 1006 1033 1031 aureo

117 1060 252 1111 surgit,
276 1058 481 1097 caelicolae
500 1057 675 1096 medium
696 1070 813 1108 quem
834 1057 884 1095 ad
902 1057 1041 1095 limina
1060 1056 1221 1095 ducunt.

169 1124 328 1162 Interea
346 1123 487 1161 Rutuli
507 1122 632 1174 portis
652 1121 799 1160 circum
820 1121 1002 1160 omnibus
1022 1121 1174 1159 instant

117 1193 291 1227 sternere
311 1187 428 1226 caede
447 1187 553 1225 viros
573 1191 614 1225 et
631 1186 789 1225 moenia
809 1186 964 1237 cingere
984 1186 1160 1224 flammis.

117 1258 158 1291 at
175 1252 277 1303 legio
299 1251 530 1290 Aeneadum
551 1250 666 1290 vallis
686 1251 843 1289 obsessa
863 1255 1034 1298 tenetur,
1238 1251 1312 1286 120

116 1330 187 1355 nec
208 1329 295 1367 spes
314 1316 396 1354 ulla
414 1316 538 1366 fugae.
597 1315 729 1353 miseri
749 1320 858 1353 stant
877 1315 1054 1353 turribus
1075 1314 1165 1353 altis

116 1381 356 1432 nequiquam
377 1385 415 1419 et
435 1393 523 1419 rara
542 1393 675 1418 muros
696 1380 853 1418 cinxere
873 1392 1039 1418 corona:

118 1445 237 1484 Asius
256 1444 494 1484 Imbrasides
515 1444 851 1494 Hicetaoniusque
871 1443 1113 1492 Thymoetes

118 1509 374 1560 Assaracique
394 1509 474 1547 duo
494 1513 534 1547 et
554 1508 683 1547 senior
703 1521 790 1546 cum
810 1508 973 1547 Castore
993 1507 1217 1558 Thymbris,

117 1574 245 1625 prima
264 1574 364 1612 acies
378 1589 388 1621 3
416 1573 488 1611 hos
507 1573 683 1624 germani
704 1572 942 1623 Sarpedonis
961 1573 1076 1610 ambo
1239 1574 1310 1610 125

118 1644 158 1677 et
177 1638 314 1677 Clarus
335 1643 376 1676 et
395 1637 597 1676 Thaemon
616 1637 740 1687 Lycia
759 1637 999 1675 comitantur
1018 1637 1067 1675 ab
1087 1636 1176 1675 alta.

116 1703 194 1741 fert
211 1703 350 1753 ingens
371 1706 456 1740 toto
476 1701 640 1740 conixus
660 1714 820 1752 corpore
841 1714 990 1748 saxum,

117 1767 223 1805 haud
242 1771 393 1817 partem
415 1766 598 1816 exiguam
619 1765 776 1813 montis,
798 1765 1014 1816 Lyrnesius
1035 1765 1199 1812 Acmon,

117 1844 188 1870 nec
207 1830 341 1881 Clytio
361 1830 539 1881 genitore
558 1830 688 1868 minor
706 1842 777 1868 nec
796 1829 917 1868 fratre
938 1829 1183 1868 Menestheo.

117 1895 158 1933 hi
177 1894 323 1942 iaculis,
345 1894 403 1932 illi
422 1898 576 1933 certant
595 1893 805 1932 defendere
825 1893 929 1932 saxis
1239 1895 1312 1931 130

117 1959 325 2010 molirique
345 1959 475 2009 ignem
494 1971 694 2008 nervoque
713 1963 848 2008 aptare
869 1958 1044 2009 sagittas.

118 2023 201 2074 ipse
220 2023 326 2061 inter
344 2022 506 2068 medios,
527 2022 694 2060 Veneris
714 2022 929 2060 iustissima
950 2035 1053 2068 cura,
