1429 2220
120 111 139 141 8
462 107 499 138 Ρ.
527 106 727 138 VERGILI
750 105 968 138 MARONIS

120 205 215 242 dum
235 204 341 242 canit
361 208 400 241 et
419 208 612 241 maestum
632 202 748 240 Musa
767 202 915 241 solatur
934 215 1117 250 amorem,

120 273 325 307 canentem
346 267 454 305 molli
474 266 607 317 pluma
627 266 786 304 duxisse
807 271 1015 313 senectam,

120 333 366 383 linquentem
386 336 511 369 terras
531 335 570 369 et
591 331 718 369 sidera
737 344 830 369 voce
851 335 1088 381 sequentem.

120 397 234 444 filius,
256 396 428 446 aequalis
449 395 660 433 comitatus
681 395 800 433 classe
821 400 1006 441 catervas,

122 463 321 512 ingentem
341 460 458 498 remis
479 459 721 498 Centaurum
741 464 948 509 promovet
966 475 973 497 z
1004 459 1070 497 ille
1237 459 1309 496 195

122 526 245 564 instat
265 538 389 575 aquae
409 537 625 574 saxumque
646 523 761 561 undis
782 524 952 561 immane
972 523 1146 561 minatur

122 590 267 629 arduus
287 594 327 627 et
348 589 466 639 longa
487 588 612 626 sulcat
631 588 753 626 maria
774 587 853 625 alta
873 588 1013 625 carina.

174 654 246 692 Ille
266 654 385 691 etiam
406 653 543 703 patriis
564 665 703 702 agmen
724 652 800 689 ciet
821 652 952 690 Ocnus
973 652 1020 689 ab
1042 651 1130 698 oris,

122 718 304 757 fatidicae
326 717 488 755 Mantus
510 721 549 754 et
570 716 686 753 Tusci
707 715 809 753 filius
830 715 966 761 amnis,

122 783 190 833 qui
208 795 340 820 muros
360 780 575 830 matrisque
595 779 706 818 dedit
726 780 809 826 tibi,
832 779 1009 826 Mantua,
1031 791 1174 816 nomen
1236 778 1313 815 200

123 848 302 893 Mantua,
325 846 435 884 dives
456 845 550 892 avis,
572 844 640 882 sed
661 857 740 882 non
760 857 883 894 genus
904 843 1086 882 omnibus
1106 856 1239 890 unum,

121 925 217 963 gens
236 911 293 949 illi
313 909 470 960 triplex,
491 909 626 959 populi
647 909 719 946 sub
739 912 855 958 gente
876 907 1068 958 quaterni,

122 977 206 1027 ipsa
225 979 342 1026 caput
360 973 528 1025 populis,
551 973 676 1010 Tusco
696 972 745 1010 de
766 972 955 1022 sanguine
975 972 1087 1010 vires.

122 1041 213 1078 hinc
234 1052 389 1090 quoque
410 1038 647 1088 quingentos
668 1037 709 1074 in
731 1050 770 1075 se
790 1036 1013 1074 Mezentius
1033 1040 1170 1082 armat,

123 1118 219 1155 quos
241 1108 351 1154 patre
372 1103 527 1141 Benaco
549 1101 701 1139 velatus
721 1100 941 1138 harundine
961 1100 1098 1150 glauca
1239 1101 1314 1139 205

122 1169 293 1207 Mincius
313 1167 456 1205 infesta
476 1166 646 1204 ducebat
664 1165 706 1203 in
726 1178 894 1215 aequora
914 1164 1019 1215 pinu.

122 1234 155 1271 it
172 1233 303 1284 gravis
322 1231 506 1270 Aulestes
527 1235 768 1280 centenaque
789 1229 926 1267 arbore
946 1229 1111 1266 fluctum

124 1298 302 1336 verberat
318 1296 543 1346 adsurgens,
567 1298 752 1344 spumant
773 1293 874 1332 vada
892 1305 1086 1331 marmore
1107 1305 1232 1331 verso.

122 1363 226 1400 hunc
245 1361 356 1400 vehit
375 1359 559 1398 immanis
579 1359 720 1396 Triton
741 1362 780 1396 et
801 1357 954 1395 caerula
975 1356 1124 1395 concha

123 1431 326 1466 exterrens
346 1425 457 1471 freta,
482 1423 543 1461 cui
563 1423 730 1460 laterum
751 1427 865 1460 tenus
884 1420 1042 1470 hispida
1061 1420 1174 1458 nanti
1239 1421 1316 1458 210

122 1492 229 1529 frons
249 1490 449 1528 hominem
473 1487 651 1538 praefert,
674 1487 715 1524 in
735 1486 889 1536 pristim
909 1485 1054 1523 desinit
1073 1484 1183 1522 alvus
1201 1499 1209 1522 :

123 1568 282 1606 spumea
303 1554 483 1592 semifero
504 1552 576 1589 sub
597 1556 752 1601 pectore
772 1554 992 1587 murmurat
1011 1548 1127 1587 unda.

176 1620 254 1657 Tot
273 1618 363 1656 lecti
384 1629 563 1667 proceres
583 1621 645 1653 ter
664 1614 775 1652 denis
795 1604 962 1652 navibus
982 1613 1094 1651 ibant

124 1684 298 1723 subsidio
318 1682 458 1720 Troiae
479 1686 518 1719 et
538 1693 694 1730 campos
714 1679 805 1717 salis
826 1691 914 1716 aere
934 1678 1128 1716 secabant.

176 1749 338 1798 Iamque
358 1746 441 1784 dies
462 1744 566 1783 caelo
587 1747 830 1782 concesserat
849 1742 1029 1792 almaque
1050 1755 1165 1780 curru
1240 1743 1315 1780 215

123 1813 331 1863 noctivago
352 1810 512 1848 Phoebe
531 1807 706 1846 medium
726 1807 908 1857 pulsabat
929 1806 1143 1858 Olympum
1162 1822 1170 1845 :

124 1878 278 1916 Aeneas
300 1877 442 1926 (neque
464 1873 568 1911 enim
589 1872 775 1910 membris
797 1871 865 1909 dat
885 1884 976 1909 cura
995 1871 1183 1920 quietem)

124 1943 207 1992 ipse
227 1940 366 1978 sedens
386 1939 619 1987 clavumque
639 1936 742 1987 regit
761 1935 935 1986 velisque
955 1934 1167 1973 ministrat.

125 2010 243 2055 atque
263 2004 321 2042 illi
342 2002 472 2041 medio
492 2002 533 2039 in
555 2001 684 2051 spatio
705 2000 847 2038 chorus
868 2012 954 2037 ecce
974 2012 1131 2038 suarum
