1429 2220
462 120 702 153 AENEIDOS
725 120 812 152 LIB.
840 119 888 152 X.
1249 120 1270 151 9

73 218 244 258 occurrit
263 218 474 256 comitum:
504 216 714 266 nymphae,
737 229 834 267 quas
854 215 958 253 alma
977 215 1136 265 Cybebe
1193 217 1269 253 220

72 296 219 322 numen
238 282 384 320 habere
403 281 522 319 maris
541 280 815 331 nymphasque
836 293 856 319 e
876 280 1043 318 navibus
1063 293 1145 318 esse

72 347 248 393 iusserat,
271 347 464 385 innabant
482 345 633 396 pariter
650 345 872 395 fluctusque
893 344 1089 391 secabant,

72 415 170 462 quot
188 411 296 461 prius
316 415 469 449 aeratae
489 414 682 448 steterant
703 409 752 447 ad
773 409 889 447 litora
908 422 1057 459 prorae.

73 475 319 526 adgnoscunt
338 475 453 525 longe
474 487 605 525 regem
625 474 872 523 lustrantque
893 473 1053 511 choreis.

73 552 239 589 quarum
259 552 359 589 quae
378 538 489 594 fandi
509 538 736 576 doctissima
756 537 1004 587 Cymodocea
1193 539 1268 575 225

72 616 174 654 pone
194 616 362 653 sequens
382 603 524 640 dextra
542 602 708 652 puppim
729 607 839 640 tenet
859 602 1021 652 ipsaque
1042 602 1158 640 dorso

74 667 220 706 eminet
240 681 283 706 ac
302 667 414 705 laeva
433 667 564 704 tacitis
584 667 826 717 subremigat
846 666 974 713 undis,

72 736 158 770 tum
178 732 231 770 sic
251 731 432 782 ignarum
453 730 706 781 adloquitur:
738 731 964 781 ‘vigilasne‚
987 731 1103 768 deum
1123 744 1229 781 gens,

73 797 234 834 Aenea'l
288 795 409 846 vigila
429 800 468 833 et
489 795 586 833 velis
606 795 765 833 inmitte
785 795 976 833 rudentis.

74 873 144 898 nos
163 873 306 907 sumuS,
330 859 471 898 Idaeae
493 872 600 897 sacro
620 859 669 897 de
690 859 836 898 vertice
857 860 984 910 pinus,
1191 861 1267 897 230

73 938 178 962 nunc
198 924 327 975 pelagi
346 924 558 975 nymphae,
581 924 714 962 classis
735 928 813 961 tua.
873 924 1047 973 perfidus
1067 928 1113 962 ut
1132 937 1202 961 nos

74 989 298 1039 praecipitis
317 988 421 1027 ferro
441 988 615 1026 Rutulus
636 989 870 1038 flammaque
891 989 1108 1038 premebat,

74 1053 251 1103 rupimus
271 1053 422 1091 invitae
442 1057 512 1091 tua
531 1052 689 1090 vincula
708 1058 826 1103 teque
848 1066 919 1103 per
938 1066 1084 1103 aequor

75 1117 306 1168 quaerimus.
365 1117 465 1155 hanc
484 1117 668 1167 genetrix
686 1117 826 1155 faciem
846 1117 1034 1155 miserata
1053 1118 1189 1156 refecit

75 1186 115 1220 et
135 1181 246 1220 dedit
265 1195 346 1220 esse
367 1182 458 1220 deas
479 1195 698 1232 aevumque
717 1183 866 1233 agitare
886 1183 959 1220 sub
978 1183 1105 1221 undis.
1193 1185 1268 1221 235

75 1250 116 1284 at
135 1259 232 1296 puer
251 1246 444 1284 Ascanius
463 1259 576 1284 muro
596 1246 789 1296 fossisque
809 1251 968 1285 tenetur

75 1310 154 1349 tela
172 1311 277 1348 inter
295 1310 426 1349 media
445 1315 564 1360 atque
585 1310 780 1349 horrentis
801 1311 932 1350 Marte
951 1311 1124 1351 Latinos.

76 1375 154 1413 iam
171 1375 256 1413 loca
273 1375 379 1413 iussa
398 1379 508 1413 tenet
527 1375 620 1413 forti
640 1376 860 1425 permixtus
880 1376 1046 1414 Etrusco

75 1439 198 1478 Arcas
218 1452 335 1490 eques
356 1456 363 1478 z
391 1439 540 1477 medias
560 1439 638 1477 illis
659 1453 855 1490 opponere
876 1445 1035 1488 turmas,

76 1517 125 1542 ne
145 1504 282 1542 castris
302 1503 480 1554 iungant,
503 1509 609 1541 certa
629 1510 689 1542 est
709 1505 906 1542 sententia
926 1505 1067 1543 Turno.
1193 1508 1268 1544 240

76 1581 191 1619 surge
211 1581 280 1618 age
301 1573 340 1605 et
360 1569 516 1606 Aurora
535 1568 658 1606 socios
679 1568 862 1606 veniente
882 1570 1010 1608 vocari

76 1632 226 1683 primus
246 1632 286 1669 in
308 1645 415 1670 arma
435 1632 527 1670 iube
549 1637 588 1670 et
608 1632 776 1682 clipeum
797 1646 901 1683 cape,
925 1647 1041 1683 quem
1061 1635 1172 1673 dedit
1186 1636 1268 1686 ipse

77 1697 270 1734 invictum
290 1696 519 1747 Ignipotens
541 1702 658 1747 atque
680 1711 766 1735 oras
788 1698 928 1735 ambiit
948 1712 1053 1737 auro.

77 1761 247 1799 crastina
266 1760 347 1807 lux,
369 1774 456 1799 mea
476 1760 507 1798 si
528 1774 606 1798 non
626 1761 747 1799 inrita
767 1761 872 1800 diota
891 1763 1053 1813 putaris,

79 1825 249 1875 ingentis
269 1825 440 1863 Rutulae
461 1825 655 1875 spectabit
674 1826 801 1864 caedis
822 1825 1005 1866 acervos.’
1193 1830 1268 1866 245

78 1889 244 1937 dixerat,
267 1894 307 1927 et
326 1889 470 1927 dextra
489 1889 694 1928 discedens
715 1890 862 1940 inpulit
882 1878 1029 1929 altam‘

79 1952 185 1991 haud
203 1953 340 2004 ignara
359 1953 465 1991 modi
484 1954 649 2004 puppim
667 1970 673 1993 :
701 1954 804 2005 fugit
823 1955 891 1993 illa
910 1969 979 2006 per
999 1956 1124 1995 undas

80 2016 185 2055 ocior
203 2021 244 2055 et
261 2016 387 2056 iaculo
407 2022 447 2055 et
465 2022 604 2056 ventos
624 2023 816 2068 aequante
836 2019 988 2070 sagitta.
