1429 2220
126 111 164 140 14
466 109 502 141 P.
530 109 729 141 VERGILI
752 108 970 141 MARONIS

121 205 296 243 Arcadas
314 205 489 243 insuetos
510 205 610 243 acies
629 205 773 243 inferre
792 205 984 255 pedestris

121 274 167 307 ut
186 269 287 307 vidit
307 269 435 307 Pallas
454 269 569 308 Latio
589 270 682 308 dare
704 274 814 319 terga
834 269 988 319 sequaci
1235 269 1310 307 365

121 334 276 384 (aspera
295 310 382 384 quis
402 338 546 371 natura
565 333 640 371 loci
659 333 861 371 dimittere
882 332 1040 383 quando

121 399 244 436 suasit
263 400 412 448 equos),
434 411 559 436 unum
579 397 685 448 quod
704 398 820 435 rebus
840 402 963 435 restat
983 397 1128 448 egenis,

119 476 223 500 nunc
242 475 367 513 prece,
388 475 492 500 nunc
513 462 628 499 dictis
648 462 839 499 virtutem
859 460 1036 499 accendit
1057 460 1220 499 amaris:

122 531 130 547 ‘
143 540 220 577 quo
240 526 389 577 fugitis,
411 526 503 564 socii
520 527 532 563 2
588 539 658 576 per
676 539 746 563 vos
766 530 806 563 et
825 525 942 563 fortia
960 525 1072 572 facta,

117 604 188 642 per
208 591 318 629 (lucis
338 590 514 628 Euandri
534 603 677 628 nomen
699 589 932 639 devictaque
953 589 1056 627 bella
1234 590 1311 628 370

119 669 304 706 spemque
324 668 462 701 meam,
480 654 630 704 patriae
651 667 751 704 quae
771 667 875 691 nunc
895 653 1003 691 subit
1023 652 1175 691 aemula
1189 652 1310 701 laudi,

117 719 229 757 fidite
249 732 297 757 ne
318 719 494 769 pedibus.
553 718 656 756 ferro
676 717 896 768 rumpenda
916 731 984 768 per
1004 717 1128 755 hostis

117 788 176 822 est
196 784 269 822 via.
329 796 406 833 qua
425 782 564 834 globus
584 782 650 820 ille
670 782 800 820 virum
821 781 1075 820 densissimus
1094 785 1219 832 urget,

117 848 188 887 hac
207 861 277 886 vos
298 853 338 886 et
357 846 540 885 Pallanta
560 846 700 885 ducem
719 847 848 897 patria
867 847 947 885 alta
965 846 1144 896 reposcit.

116 913 281 951 numina
300 912 410 950 nulla
430 916 626 962 premunt,
647 911 806 949 mortali
825 923 1012 962 urgemur
1031 911 1080 949 ab
1099 910 1212 949 hoste
1233 911 1281 949 37
1287 913 1309 948 5

116 977 312 1024 mortales,
333 976 502 1015 totidem
522 975 635 1014 nobis
656 975 887 1026 animaeque
906 987 1135 1025 manusque.

117 1056 214 1091 ecce,
236 1041 356 1080 maris
376 1054 518 1092 magna
537 1039 684 1079 claudit
704 1053 774 1078 nos
796 1040 905 1078 obice
925 1044 1081 1089 pontus,

115 1106 226 1145 deest
245 1106 324 1144 iam
342 1110 448 1144 terra
466 1105 580 1156 fugae
596 1120 614 1143 εΔ
632 1103 792 1154 pelagus
812 1103 1021 1142 Troiamne
1041 1105 1264 1153 petemus‘l’

115 1171 209 1210 haec
230 1170 285 1209 ait
305 1174 345 1209 et
363 1169 516 1208 medius
537 1168 678 1207 densos
697 1167 921 1218 prorumpit
940 1167 981 1205 in
1001 1167 1135 1206 hostis.

115 1235 254 1274 obvius
274 1234 365 1273 huic
385 1234 568 1284 primum,
589 1233 681 1271 fatis
702 1232 894 1271 adductus
913 1232 1071 1282 iniquis,
1232 1233 1309 1269 380

115 1302 160 1338 fit
179 1300 320 1351 Lagus.
378 1298 492 1345 hunc,
516 1310 658 1348 magno
678 1297 789 1335 vellit
810 1297 904 1334 dum
919 1296 1091 1347 pondere
1112 1309 1262 1343 saxum,

113 1365 264 1403 intorto
284 1363 370 1414 figit
389 1362 479 1410 telo,
502 1361 729 1400 discrimina
748 1361 865 1400 costis

113 1443 184 1480 per
203 1428 377 1467 medium
398 1440 475 1478 qua
496 1427 608 1477 spina
627 1426 757 1472 dabat,
779 1425 1012 1475 hastamque
1030 1428 1206 1475 receptat

116 1494 266 1533 ossibus
286 1493 527 1531 haerentem.
585 1503 703 1541 quem
722 1503 803 1528 non
823 1502 938 1540 super
958 1494 1122 1539 occupat
1141 1488 1279 1535 Hisbo,

114 1558 180 1596 ille
196 1557 357 1608 quidem
372 1556 444 1594 hoc
458 1568 635 1606 sperans:
659 1567 751 1592 nam
766 1553 896 1591 Pallas
910 1557 1001 1592 ante
1015 1557 1208 1600 ruentem,
1232 1554 1307 1591 385

114 1623 209 1661 dum
227 1621 335 1668 furit,
357 1620 560 1658 incautum
580 1618 728 1657 crudeli
747 1622 873 1656 morte
893 1616 1037 1655 sodalis

114 1686 262 1737 excipit
290 1689 408 1735 atque
437 1696 569 1722 ensem
597 1682 751 1720 tumido
779 1681 821 1719 in
849 1681 1034 1731 pulmone
1062 1679 1250 1719 recondit.

114 1751 205 1789 hinc
235 1749 444 1789 Sthenium
473 1747 575 1798 petit
603 1752 643 1785 et
671 1746 818 1785 Rhoeti
847 1746 896 1784 de
923 1750 1040 1796 gente
1069 1750 1229 1783 vetusta

114 1814 413 1861 Anchemolum,
445 1812 638 1850 thalamos
667 1824 805 1849 ausum
834 1810 1024 1848 incestare
1053 1821 1253 1848 novercae.

114 1893 182 1918 vos
212 1879 340 1926 etiam,
373 1876 530 1928 gemini,
563 1875 724 1914 Rutulis
753 1874 947 1913 cecidistis
975 1874 1017 1911 in
1046 1873 1160 1924 agris,
1207 1874 1306 1911 390

113 1944 275 1990 Daucia,
307 1941 450 1980 Laride
478 1940 771 1990 Thymberque,
802 1937 1002 1976 simillima
1029 1937 1169 1988 proles,

114 2008 325 2047 indiscreta
354 2006 432 2044 suis
461 2009 674 2055 gratusque
704 2003 933 2053 parentibus
961 2014 1091 2048 error3
