1429 2220
89 320 132 327 ...-

155 108 193 141 18
496 108 531 140 Ρ.
561 109 761 142 VERGILI
784 110 1002 144 MARONIS

152 205 193 242 in
223 204 405 243 Pallanta
434 205 503 242 diu
533 205 681 244 librans
710 207 804 244 iacit
833 212 951 257 atque
979 208 1035 245 ita
1063 208 1192 246 fatur:
1267 209 1344 247 480

154 269 313 319 ‘aspice,
345 282 440 306 num
470 282 579 320 mage
609 271 660 308 sit
689 276 870 309 nostrum
898 271 1142 321 penetrabile
1171 272 1319 311 telum.'

152 332 329 378 dixerat3
359 338 400 370 at
428 332 606 382 clipeum,
638 338 698 372 tot
726 334 821 372 ferri
849 339 971 385 terga,
1000 338 1063 373 tot
1090 334 1202 381 aeris,

152 410 268 447 quem
298 397 410 447 pellis
439 398 586 436 totiens
615 398 730 436 obeat
759 399 1001 437 circumdata
1029 399 1147 446 tauri,

151 460 324 499 vibranti
353 461 482 512 cuspis
511 461 687 500 medium
715 463 1008 501 transverberat
1035 463 1116 501 ictu

152 524 373 575 loricaeque
402 538 531 564 moras
561 530 601 564 et
630 531 765 576 pectus
793 527 969 576 perforat
996 527 1144 577 ingens.
1269 527 1344 565 485

151 589 215 627 ille
244 590 348 639 rapit
376 589 546 627 calidum
573 590 721 628 frustra
749 590 798 628 de
826 590 985 628 volnere
1013 590 1159 629 telum:

151 667 230 692 una
259 653 472 704 eademque
501 654 566 692 via
594 654 753 704 sanguis
782 655 1013 704 animusque
1041 659 1236 693 secuntur.

152 717 298 756 corruit
327 718 368 755 in
397 717 540 756 volnus
570 719 761 767 (sonitum
790 732 906 768 super
929 732 1037 756 arma
1065 719 1227 770 dedere)

152 786 191 819 et
219 786 365 819 terram
394 781 580 820 hostilem
609 783 781 820 moriens
810 782 912 833 petit
940 795 1006 821 ore
1035 787 1207 821 cruento.

151 859 269 896 quem
297 846 455 884 Turnus
485 859 601 896 super
630 846 848 885 adsistens:
1270 847 1347 885 490

154 910 359 958 ‘Arcades‚
391 910 507 948 haec'
537 910 668 960 inquit
699 915 912 949 ‘memores
939 924 1027 949 mea
1055 910 1161 949 dicta
1188 910 1330 949 referte

151 974 360 1013 Euandro:
391 975 547 1025 qualem
577 976 731 1022 meruit,
762 975 946 1013 Pallanta
974 975 1144 1014 remitto.

151 1039 328 1090 quisquis
343 1038 468 1077 honos
487 1039 641 1086 tumuli,
660 1039 857 1089 quidquid
876 1039 1050 1077 solamen
1066 1039 1255 1078 humandi
1275 1045 1344 1085 est,
1401 1071 1403 1073 .

150 1103 305 1154 largior.
363 1102 472 1141 haud
501 1103 560 1141 illi
589 1103 753 1141 stabunt
782 1103 932 1142 Aeneia
961 1116 1081 1154 parvo

150 1167 346 1218 hospitia'
403 1172 443 1206 et
471 1167 582 1206 laevo
611 1167 755 1218 pressit
783 1167 881 1218 pede
911 1167 1006 1206 talia
1032 1168 1137 1206 fatus
1270 1168 1345 1205 495

152 1232 385 1280 exanimem,
408 1232 565 1282 rapiens
593 1232 769 1270 inmania
796 1232 973 1282 pondera
999 1232 1120 1270 baltei

151 1297 451 1347 inpressumque
480 1297 613 1335 nefas:
652 1309 731 1334 una
760 1297 833 1335 sub
860 1303 976 1334 nocte
1004 1296 1125 1348 iugali

152 1375 263 1400 caesa
289 1375 430 1399 manus
460 1362 647 1400 iuvenum
675 1361 789 1400 foede
820 1361 1061 1411 thalamique
1089 1361 1250 1409 cruenti,

152 1439 250 1476 quae
281 1425 428 1464 Clonus
458 1425 672 1475 Eurytides
701 1425 828 1463 multo
857 1425 1076 1463 caelaverat
1103 1438 1198 1463 auro
1212 1439 1222 1472 ;

151 1503 229 1539 quo
248 1503 353 1527 nunc
372 1490 529 1527 Turnus
553 1495 646 1527 ovat
675 1489 800 1539 spolio
821 1489 1046 1539 gaudetque
1075 1489 1236 1539 potitus.
1269 1489 1346 1527 500

152 1554 281 1593 nescia
308 1567 418 1591 mens
448 1554 654 1592 hominum
683 1553 755 1591 fati
784 1553 977 1603 sortisque
1005 1553 1160 1591 futurae

152 1623 191 1656 et
219 1631 374 1657 servare
404 1617 579 1666 modum,
611 1618 727 1656 rebus
756 1617 914 1656 sublata
941 1617 1146 1656 secundis!

151 1682 285 1720 Turno
314 1687 470 1731 tempus
501 1682 586 1728 erit,
617 1695 760 1732 magno
789 1694 878 1720 cum
907 1681 1104 1731 optaverit·
1132 1686 1310 1731 emptum

151 1746 346 1785 intactum
375 1745 558 1784 Pallanta
586 1751 626 1783 et
655 1759 743 1784 cum
773 1746 898 1795 spolia
925 1745 1003 1783 ista
1030 1745 1221 1796 diemque.

152 1810 289 1849 oderit.
347 1816 388 1848 at
416 1809 510 1848 socii
539 1809 665 1848 multo
694 1810 844 1860 gemitu
873 1809 1120 1859 lacrimisque
1268 1803 1358 1848 505‘

151 1876 366 1926 inpositum
397 1879 506 1912 scuto
535 1874 711 1912 referunt
739 1873 922 1912 Pallanta
949 1874 1184 1923 frequentes,

151 1953 174 1978 o
203 1940 314 1978 dolor
342 1943 461 1988 atque
491 1938 609 1976 decus
639 1951 826 1988 magnum
855 1937 1030 1976 rediture
1058 1937 1235 1987 parenti!

151 2003 244 2042 haec
273 2008 312 2041 te
339 2003 467 2053 prima
495 2002 579 2040 dies
607 2002 709 2040 bello
738 2001 859 2049 dedit,
892 2001 986 2039 haec
1015 2000 1151 2039 eadem
1181 2001 1318 2048 aufert,
